<?xml version="1.0" encoding="UTF-8"?>
<!DOCTYPE html PUBLIC "-//W3C//DTD XHTML 1.0 Transitional//EN"
    "http://www.w3.org/TR/xhtml1/DTD/xhtml1-transitional.dtd">
<html xmlns="http://www.w3.org/1999/xhtml" xml:lang="en" lang="en">
 <head>
  <title>
</title>
<meta http-equiv="Content-Type" content="text/html;charset=utf-8" />
  <meta name='ocr-system' content='tesseract 3.04.00' />
  <meta name='ocr-capabilities' content='ocr_page ocr_carea ocr_par ocr_line ocrx_word'/>
</head>
<body>
  <div class='ocr_page' id='page_1' title='image "./elaboratiorgram01simogoog_0156.png"; bbox 0 0 2708 4844; ppageno 0'>
   <div class='ocr_carea' id='block_1_1' title="bbox 137 302 1199 453">
    <p class='ocr_par' dir='ltr' id='par_1_1' title="bbox 137 302 1199 453">
     <span class='ocr_line' id='line_1_1' title="bbox 137 302 1199 453; baseline 0.018 -50"><span class='ocrx_word' id='word_1_1' title='bbox 137 343 186 396; x_wconf 83' lang='lat'>·.</span> <span class='ocrx_word' id='word_1_2' title='bbox 254 302 256 306; x_wconf 62' lang='grc'>’</span> <span class='ocrx_word' id='word_1_3' title='bbox 337 344 539 433; x_wconf 74' lang='lat' dir='ltr'>suttona</span> <span class='ocrx_word' id='word_1_4' title='bbox 559 343 698 415; x_wconf 77' lang='lat' dir='ltr'>narro</span> <span class='ocrx_word' id='word_1_5' title='bbox 719 320 990 415; x_wconf 70' lang='lat' dir='ltr'>sternantur.</span> <span class='ocrx_word' id='word_1_6' title='bbox 1037 329 1045 339; x_wconf 84' lang='grc'><strong>’</strong></span> <span class='ocrx_word' id='word_1_7' title='bbox 1107 367 1199 453; x_wconf 64' lang='grc' dir='ltr'>Ιιμ</span> 
     </span>
    </p>
   </div>
   <div class='ocr_carea' id='block_1_2' title="bbox 69 517 1307 4102">
    <p class='ocr_par' dir='ltr' id='par_1_2' title="bbox 126 517 1289 1005">
     <span class='ocr_line' id='line_1_2' title="bbox 127 517 1289 606; baseline -0.002 -15"><span class='ocrx_word' id='word_1_8' title='bbox 127 517 302 591; x_wconf 81' lang='lat' dir='ltr'>taculum.</span> <span class='ocrx_word' id='word_1_9' title='bbox 337 519 395 590; x_wconf 86' lang='lat' dir='ltr'>Sic</span> <span class='ocrx_word' id='word_1_10' title='bbox 416 519 493 590; x_wconf 80' lang='lat' dir='ltr'>Itali</span> <span class='ocrx_word' id='word_1_11' title='bbox 504 569 518 606; x_wconf 89' lang='lat'>,</span> <span class='ocrx_word' id='word_1_12' title='bbox 535 518 620 590; x_wconf 86' lang='lat' dir='ltr'>dum</span> <span class='ocrx_word' id='word_1_13' title='bbox 643 546 664 591; x_wconf 87' lang='lat' dir='ltr'>e</span> <span class='ocrx_word' id='word_1_14' title='bbox 685 538 791 592; x_wconf 86' lang='lat' dir='ltr'>suum</span> <span class='ocrx_word' id='word_1_15' title='bbox 812 518 921 593; x_wconf 83' lang='lat' dir='ltr'>etiam</span> <span class='ocrx_word' id='word_1_16' title='bbox 942 540 1027 595; x_wconf 87' lang='lat' dir='ltr'>ante</span> <span class='ocrx_word' id='word_1_17' title='bbox 1048 519 1200 594; x_wconf 74' lang='lat' dir='ltr'>vocales</span> <span class='ocrx_word' id='word_1_18' title='bbox 1285 584 1289 589; x_wconf 91' lang='lat'>.</span> 
     </span>
     <span class='ocr_line' id='line_1_3' title="bbox 128 620 1195 749; baseline -0.001 -27"><span class='ocrx_word' id='word_1_19' title='bbox 128 674 263 723; x_wconf 84' lang='lat' dir='ltr'>crassas</span> <span class='ocrx_word' id='word_1_20' title='bbox 284 650 427 722; x_wconf 79' lang='lat' dir='ltr'>sibilare</span> <span class='ocrx_word' id='word_1_21' title='bbox 451 651 600 739; x_wconf 87' lang='lat' dir='ltr'>volunt,</span> <span class='ocrx_word' id='word_1_22' title='bbox 627 654 646 720; x_wconf 85' lang='grc' dir='ltr'>ι’</span> <span class='ocrx_word' id='word_1_23' title='bbox 666 651 841 722; x_wconf 87' lang='lat' dir='ltr'>adiiciunt</span> <span class='ocrx_word' id='word_1_24' title='bbox 859 620 929 746; x_wconf 82' lang='lat' dir='ltr'>pro</span> <span class='ocrx_word' id='word_1_25' title='bbox 953 652 1046 722; x_wconf 85' lang='lat' dir='ltr'>sibili</span> <span class='ocrx_word' id='word_1_26' title='bbox 1068 655 1195 749; x_wconf 87' lang='lat' dir='ltr'>signo:</span> 
     </span>
     <span class='ocr_line' id='line_1_4' title="bbox 126 750 1264 875; baseline 0 -26"><span class='ocrx_word' id='word_1_27' title='bbox 126 780 253 866; x_wconf 76' lang='lat' dir='ltr'>bricio,</span> <span class='ocrx_word' id='word_1_28' title='bbox 290 764 455 867; x_wconf 78' lang='lat' dir='ltr'>basium3</span> <span class='ocrx_word' id='word_1_29' title='bbox 478 779 697 873; x_wconf 73' lang='lat' dir='ltr'>sancirilio,</span> <span class='ocrx_word' id='word_1_30' title='bbox 730 777 872 868; x_wconf 83' lang='lat' dir='ltr'>insans3</span> <span class='ocrx_word' id='word_1_31' title='bbox 909 750 1199 875; x_wconf 37' lang='lat' dir='ltr'>leguntquffisae</span> <span class='ocrx_word' id='word_1_32' title='bbox 1248 818 1264 849; x_wconf 77' lang='grc'>-,</span> 
     </span>
     <span class='ocr_line' id='line_1_5' title="bbox 127 903 1131 1005; baseline -0.001 -27"><span class='ocrx_word' id='word_1_33' title='bbox 127 910 163 978; x_wconf 88' lang='lat' dir='ltr'>si·</span> <span class='ocrx_word' id='word_1_34' title='bbox 179 931 280 978; x_wconf 90' lang='lat' dir='ltr'>more</span> <span class='ocrx_word' id='word_1_35' title='bbox 303 924 428 1005; x_wconf 89' lang='lat' dir='ltr'>nostro</span> <span class='ocrx_word' id='word_1_36' title='bbox 451 909 581 1001; x_wconf 85' lang='lat' dir='ltr'>scripta</span> <span class='ocrx_word' id='word_1_37' title='bbox 602 924 743 988; x_wconf 79' lang='lat' dir='ltr'>essent,</span> <span class='ocrx_word' id='word_1_38' title='bbox 769 903 907 1000; x_wconf 72' lang='lat' dir='ltr'>basso,</span> <span class='ocrx_word' id='word_1_39' title='bbox 921 908 1131 1001; x_wconf 68' lang='lat' dir='ltr'>sautscido,</span> 
     </span>
    </p>

    <p class='ocr_par' dir='ltr' id='par_1_3' title="bbox 123 1036 1297 1648">
     <span class='ocr_line' id='line_1_6' title="bbox 230 1036 1197 1132; baseline 0.008 -26"><span class='ocrx_word' id='word_1_40' title='bbox 230 1036 412 1107; x_wconf 83' lang='lat' dir='ltr'>Addimus</span> <span class='ocrx_word' id='word_1_41' title='bbox 429 1054 620 1132; x_wconf 86' lang='lat' dir='ltr'>praeterea</span> <span class='ocrx_word' id='word_1_42' title='bbox 640 1037 686 1108; x_wconf 89' lang='lat' dir='ltr'>de</span> <span class='ocrx_word' id='word_1_43' title='bbox 706 1036 916 1109; x_wconf 82' lang='lat' dir='ltr'>vocalibus:</span> <span class='ocrx_word' id='word_1_44' title='bbox 935 1060 1016 1127; x_wconf 86' lang='lat' dir='ltr'>eas,</span> <span class='ocrx_word' id='word_1_45' title='bbox 1039 1042 1075 1109; x_wconf 90' lang='lat' dir='ltr'>in</span> <span class='ocrx_word' id='word_1_46' title='bbox 1098 1062 1197 1114; x_wconf 85' lang='lat' dir='ltr'>com·</span> 
     </span>
     <span class='ocr_line' id='line_1_7' title="bbox 124 1146 1197 1262; baseline 0.006 -28"><span class='ocrx_word' id='word_1_47' title='bbox 124 1146 252 1235; x_wconf 81' lang='lat' dir='ltr'>binata</span> <span class='ocrx_word' id='word_1_48' title='bbox 270 1169 432 1251; x_wconf 89' lang='lat' dir='ltr'>ratione,</span> <span class='ocrx_word' id='word_1_49' title='bbox 460 1165 546 1236; x_wconf 90' lang='lat' dir='ltr'>dum</span> <span class='ocrx_word' id='word_1_50' title='bbox 568 1168 702 1261; x_wconf 78' lang='lat' dir='ltr'>longae</span> <span class='ocrx_word' id='word_1_51' title='bbox 729 1180 851 1255; x_wconf 87' lang='lat' dir='ltr'>erant,</span> <span class='ocrx_word' id='word_1_52' title='bbox 878 1167 1083 1262; x_wconf 71' lang='lat' dir='ltr'>geminatas</span> <span class='ocrx_word' id='word_1_53' title='bbox 1107 1163 1197 1242; x_wconf 83' lang='lat' dir='ltr'>fuis·</span> 
     </span>
     <span class='ocr_line' id='line_1_8' title="bbox 125 1265 1200 1391; baseline 0.003 -29"><span class='ocrx_word' id='word_1_54' title='bbox 125 1316 188 1375; x_wconf 89' lang='lat' dir='ltr'>se,</span> <span class='ocrx_word' id='word_1_55' title='bbox 212 1315 286 1361; x_wconf 92' lang='lat' dir='ltr'>non</span> <span class='ocrx_word' id='word_1_56' title='bbox 310 1305 434 1362; x_wconf 89' lang='lat' dir='ltr'>tamen</span> <span class='ocrx_word' id='word_1_57' title='bbox 463 1265 772 1365; x_wconf 77' lang='lat' dir='ltr'>constarrrerz&#39;ex.</span> <span class='ocrx_word' id='word_1_58' title='bbox 791 1318 843 1391; x_wconf 84' lang='lat' dir='ltr'>gr.</span> <span class='ocrx_word' id='word_1_59' title='bbox 868 1317 960 1382; x_wconf 84' lang='lat' dir='ltr'>seo,</span> <span class='ocrx_word' id='word_1_60' title='bbox 988 1298 1076 1383; x_wconf 82' lang='lat' dir='ltr'>teci,</span> <span class='ocrx_word' id='word_1_61' title='bbox 1101 1318 1200 1391; x_wconf 85' lang='lat' dir='ltr'>quae</span> 
     </span>
     <span class='ocr_line' id='line_1_9' title="bbox 123 1420 1297 1515; baseline 0.003 -21"><span class='ocrx_word' id='word_1_62' title='bbox 123 1420 263 1507; x_wconf 88' lang='lat' dir='ltr'>hodie,</span> <span class='ocrx_word' id='word_1_63' title='bbox 293 1439 329 1492; x_wconf 86' lang='lat' dir='ltr'>et</span> <span class='ocrx_word' id='word_1_64' title='bbox 353 1421 494 1515; x_wconf 85' lang='lat' dir='ltr'>dudum</span> <span class='ocrx_word' id='word_1_65' title='bbox 515 1427 623 1512; x_wconf 87' lang='lat' dir='ltr'>satis,</span> <span class='ocrx_word' id='word_1_66' title='bbox 644 1439 796 1495; x_wconf 85' lang='lat' dir='ltr'>accentu</span> <span class='ocrx_word' id='word_1_67' title='bbox 816 1439 1008 1510; x_wconf 88' lang='lat' dir='ltr'>notantur,</span> <span class='ocrx_word' id='word_1_68' title='bbox 1032 1430 1077 1496; x_wconf 80' lang='lat' dir='ltr'>sd</span> <span class='ocrx_word' id='word_1_69' title='bbox 1088 1475 1102 1512; x_wconf 92' lang='lat'>,</span> <span class='ocrx_word' id='word_1_70' title='bbox 1118 1427 1195 1511; x_wconf 80' lang='lat' dir='ltr'>te&#39;l,</span> <span class='ocrx_word' id='word_1_71' title='bbox 1292 1448 1297 1463; x_wconf 92' lang='grc'>’</span> 
     </span>
     <span class='ocr_line' id='line_1_10' title="bbox 124 1551 373 1648; baseline -0.008 -24"><span class='ocrx_word' id='word_1_72' title='bbox 124 1555 201 1642; x_wconf 88' lang='lat' dir='ltr'>sal,</span> <span class='ocrx_word' id='word_1_73' title='bbox 233 1551 373 1648; x_wconf 82' lang='lat' dir='ltr'><strong>hyems.</strong></span> 
     </span>
    </p>

    <p class='ocr_par' dir='ltr' id='par_1_4' title="bbox 123 1662 1281 2286">
     <span class='ocr_line' id='line_1_11' title="bbox 230 1662 1263 1779; baseline 0.001 -29"><span class='ocrx_word' id='word_1_74' title='bbox 230 1680 379 1754; x_wconf 86' lang='lat' dir='ltr'>Deinde</span> <span class='ocrx_word' id='word_1_75' title='bbox 395 1682 656 1770; x_wconf 62' lang='lat' dir='ltr'>monemus&#39;u,</span> <span class='ocrx_word' id='word_1_76' title='bbox 682 1698 717 1752; x_wconf 89' lang='lat' dir='ltr'>et</span> <span class='ocrx_word' id='word_1_77' title='bbox 738 1694 784 1769; x_wconf 77' lang='lat' dir='ltr'>v,</span> <span class='ocrx_word' id='word_1_78' title='bbox 807 1682 953 1768; x_wconf 83' lang='lat' dir='ltr'>literas,</span> <span class='ocrx_word' id='word_1_79' title='bbox 989 1662 1213 1779; x_wconf 43' lang='lat' dir='ltr'>imitation&amp;</span> <span class='ocrx_word' id='word_1_80' title='bbox 1259 1740 1263 1751; x_wconf 93' lang='lat'><em>.</em></span> 
     </span>
     <span class='ocr_line' id='line_1_12' title="bbox 123 1776 1239 1917; baseline -0.002 -35"><span class='ocrx_word' id='word_1_81' title='bbox 123 1808 283 1882; x_wconf 83' lang='lat' dir='ltr'>Latinae</span> <span class='ocrx_word' id='word_1_82' title='bbox 316 1807 622 1910; x_wconf 86' lang='lat' dir='ltr'>orthographiae,</span> <span class='ocrx_word' id='word_1_83' title='bbox 658 1814 866 1905; x_wconf 85' lang='lat' dir='ltr'>promiscue</span> <span class='ocrx_word' id='word_1_84' title='bbox 894 1809 1007 1882; x_wconf 84' lang='lat' dir='ltr'>fuisse</span> <span class='ocrx_word' id='word_1_85' title='bbox 1037 1813 1074 1880; x_wconf 90' lang='lat' dir='ltr'>in</span> <span class='ocrx_word' id='word_1_86' title='bbox 1107 1776 1239 1917; x_wconf 42' lang='lat' dir='ltr'>usus</span> 
     </span>
     <span class='ocr_line' id='line_1_13' title="bbox 125 1936 1201 2034; baseline -0.003 -24"><span class='ocrx_word' id='word_1_87' title='bbox 125 1943 203 2010; x_wconf 89' lang='lat' dir='ltr'>iam</span> <span class='ocrx_word' id='word_1_88' title='bbox 225 1961 293 2034; x_wconf 91' lang='lat' dir='ltr'>pro</span> <span class='ocrx_word' id='word_1_89' title='bbox 316 1963 498 2024; x_wconf 89' lang='lat' dir='ltr'>consona,</span> <span class='ocrx_word' id='word_1_90' title='bbox 520 1943 596 2008; x_wconf 89' lang='lat' dir='ltr'>iarn</span> <span class='ocrx_word' id='word_1_91' title='bbox 616 1963 683 2034; x_wconf 91' lang='lat' dir='ltr'>pro</span> <span class='ocrx_word' id='word_1_92' title='bbox 704 1939 837 2011; x_wconf 85' lang='lat' dir='ltr'>vocali.</span> <span class='ocrx_word' id='word_1_93' title='bbox 865 1936 978 2008; x_wconf 90' lang='lat' dir='ltr'>Vnde</span> <span class='ocrx_word' id='word_1_94' title='bbox 1002 1942 1113 2006; x_wconf 88' lang='lat' dir='ltr'>etiam</span> <span class='ocrx_word' id='word_1_95' title='bbox 1130 1957 1201 2007; x_wconf 85' lang='lat' dir='ltr'>vo·</span> 
     </span>
     <span class='ocr_line' id='line_1_14' title="bbox 124 2066 1281 2163; baseline -0.002 -24"><span class='ocrx_word' id='word_1_96' title='bbox 124 2070 198 2140; x_wconf 85' lang='lat' dir='ltr'>cali</span> <span class='ocrx_word' id='word_1_97' title='bbox 237 2068 306 2139; x_wconf 87' lang='lat' dir='ltr'>oris</span> <span class='ocrx_word' id='word_1_98' title='bbox 338 2068 586 2138; x_wconf 88' lang='lat' dir='ltr'>rotundissimi</span> <span class='ocrx_word' id='word_1_99' title='bbox 617 2079 642 2135; x_wconf 74' lang='lat' dir='ltr'>rt</span> <span class='ocrx_word' id='word_1_100' title='bbox 673 2066 811 2159; x_wconf 86' lang='lat' dir='ltr'>duplex</span> <span class='ocrx_word' id='word_1_101' title='bbox 847 2067 933 2138; x_wconf 86' lang='lat' dir='ltr'>data</span> <span class='ocrx_word' id='word_1_102' title='bbox 967 2081 1021 2137; x_wconf 82' lang='lat' dir='ltr'>est</span> <span class='ocrx_word' id='word_1_103' title='bbox 1057 2066 1203 2163; x_wconf 80' lang='lat' dir='ltr'>figura,</span> <span class='ocrx_word' id='word_1_104' title='bbox 1278 2132 1281 2137; x_wconf 88' lang='lat'>.</span> 
     </span>
     <span class='ocr_line' id='line_1_15' title="bbox 125 2179 301 2286; baseline -0.023 -16"><span class='ocrx_word' id='word_1_105' title='bbox 125 2189 173 2286; x_wconf 73' lang='lat' dir='ltr'>ri,</span> <span class='ocrx_word' id='word_1_106' title='bbox 208 2215 244 2269; x_wconf 91' lang='lat' dir='ltr'>et</span> <span class='ocrx_word' id='word_1_107' title='bbox 270 2179 301 2266; x_wconf 77' lang='lat' dir='ltr'>i.</span> 
     </span>
    </p>

    <p class='ocr_par' dir='ltr' id='par_1_5' title="bbox 125 2323 1307 2932">
     <span class='ocr_line' id='line_1_16' title="bbox 232 2323 1203 2402; baseline 0.002 -2"><span class='ocrx_word' id='word_1_108' title='bbox 232 2329 350 2401; x_wconf 91' lang='lat' dir='ltr'>Porro</span> <span class='ocrx_word' id='word_1_109' title='bbox 374 2333 441 2400; x_wconf 80' lang='lat' dir='ltr'>etsi</span> <span class='ocrx_word' id='word_1_110' title='bbox 465 2328 778 2400; x_wconf 87' lang='lat' dir='ltr'>combinationem</span> <span class='ocrx_word' id='word_1_111' title='bbox 803 2329 877 2400; x_wconf 85' lang='lat' dir='ltr'>iam</span> <span class='ocrx_word' id='word_1_112' title='bbox 900 2329 1037 2401; x_wconf 84' lang='lat' dir='ltr'>claram</span> <span class='ocrx_word' id='word_1_113' title='bbox 1063 2323 1203 2402; x_wconf 85' lang='lat' dir='ltr'>habue-</span> 
     </span>
     <span class='ocr_line' id='line_1_17' title="bbox 125 2433 1307 2556; baseline -0.003 -23"><span class='ocrx_word' id='word_1_114' title='bbox 125 2474 212 2533; x_wconf 89' lang='lat' dir='ltr'>runt</span> <span class='ocrx_word' id='word_1_115' title='bbox 235 2433 384 2530; x_wconf 84' lang='lat' dir='ltr'>vocales</span> <span class='ocrx_word' id='word_1_116' title='bbox 405 2458 664 2539; x_wconf 89' lang='lat' dir='ltr'>rotundiores,</span> <span class='ocrx_word' id='word_1_117' title='bbox 690 2454 985 2530; x_wconf 88' lang='lat' dir='ltr'>minutuloesibi</span> <span class='ocrx_word' id='word_1_118' title='bbox 1004 2460 1201 2556; x_wconf 87' lang='lat' dir='ltr'>inscripto,</span> <span class='ocrx_word' id='word_1_119' title='bbox 1275 2544 1280 2551; x_wconf 26' lang='lat'>¹</span> <span class='ocrx_word' id='word_1_120' title='bbox 1302 2448 1307 2458; x_wconf 74' lang='grc'>’</span> 
     </span>
     <span class='ocr_line' id='line_1_18' title="bbox 125 2567 1204 2682; baseline -0.006 -21"><span class='ocrx_word' id='word_1_121' title='bbox 125 2581 174 2672; x_wconf 77' lang='grc' dir='ltr'>ὅ,</span> <span class='ocrx_word' id='word_1_122' title='bbox 202 2604 241 2659; x_wconf 89' lang='lat' dir='ltr'>et</span> <span class='ocrx_word' id='word_1_123' title='bbox 259 2576 310 2658; x_wconf 67' lang='lat' dir='ltr'>ri:</span> <span class='ocrx_word' id='word_1_124' title='bbox 339 2610 448 2680; x_wconf 83' lang='lat' dir='ltr'>saepe</span> <span class='ocrx_word' id='word_1_125' title='bbox 470 2572 592 2656; x_wconf 86' lang='lat' dir='ltr'>tamen</span> <span class='ocrx_word' id='word_1_126' title='bbox 613 2603 649 2656; x_wconf 90' lang='lat' dir='ltr'>et</span> <span class='ocrx_word' id='word_1_127' title='bbox 672 2582 726 2657; x_wconf 89' lang='lat' dir='ltr'>his</span> <span class='ocrx_word' id='word_1_128' title='bbox 748 2567 908 2682; x_wconf 81' lang='lat' dir='ltr'>amplior</span> <span class='ocrx_word' id='word_1_129' title='bbox 929 2590 1080 2658; x_wconf 87' lang='lat' dir='ltr'>accessit</span> <span class='ocrx_word' id='word_1_130' title='bbox 1100 2609 1204 2658; x_wconf 58' lang='lat' dir='ltr'>coms</span> 
     </span>
     <span class='ocr_line' id='line_1_19' title="bbox 125 2715 1283 2814; baseline -0.003 -25"><span class='ocrx_word' id='word_1_131' title='bbox 125 2719 290 2806; x_wconf 85' lang='lat' dir='ltr'>binatio,</span> <span class='ocrx_word' id='word_1_132' title='bbox 315 2734 412 2787; x_wconf 91' lang='lat' dir='ltr'>certe</span> <span class='ocrx_word' id='word_1_133' title='bbox 441 2715 643 2812; x_wconf 88' lang='lat' dir='ltr'>superflua,</span> <span class='ocrx_word' id='word_1_134' title='bbox 664 2719 866 2811; x_wconf 86' lang='lat' dir='ltr'>praemisso</span> <span class='ocrx_word' id='word_1_135' title='bbox 887 2716 1020 2791; x_wconf 88' lang='lat' dir='ltr'>eodem</span> <span class='ocrx_word' id='word_1_136' title='bbox 1047 2715 1203 2814; x_wconf 81' lang='lat' dir='ltr'>efigura</span> <span class='ocrx_word' id='word_1_137' title='bbox 1281 2766 1283 2771; x_wconf 82' lang='lat'><em>.</em></span> 
     </span>
     <span class='ocr_line' id='line_1_20' title="bbox 125 2849 524 2932; baseline -0.021 -12"><span class='ocrx_word' id='word_1_138' title='bbox 125 2849 291 2932; x_wconf 86' lang='lat' dir='ltr'>maiore,</span> <span class='ocrx_word' id='word_1_139' title='bbox 320 2873 386 2932; x_wconf 87' lang='lat' dir='ltr'>eo,</span> <span class='ocrx_word' id='word_1_140' title='bbox 412 2859 449 2914; x_wconf 83' lang='lat' dir='ltr'>et</span> <span class='ocrx_word' id='word_1_141' title='bbox 466 2869 524 2916; x_wconf 87' lang='lat' dir='ltr'>cu</span> 
     </span>
    </p>

    <p class='ocr_par' dir='ltr' id='par_1_6' title="bbox 124 2926 1212 3202">
     <span class='ocr_line' id='line_1_21' title="bbox 232 2926 1212 3071; baseline -0.004 -24"><span class='ocrx_word' id='word_1_142' title='bbox 232 2976 411 3048; x_wconf 86' lang='lat' dir='ltr'>Postea</span> <span class='ocrx_word' id='word_1_143' title='bbox 394 3003 430 3057; x_wconf 92' lang='grc' dir='ltr'>ι,</span> <span class='ocrx_word' id='word_1_144' title='bbox 446 2979 502 3068; x_wconf 77' lang='lat' dir='ltr'><em>j</em></span> <span class='ocrx_word' id='word_1_145' title='bbox 476 3023 489 3057; x_wconf 93' lang='lat'>‚</span> <span class='ocrx_word' id='word_1_146' title='bbox 506 2990 543 3045; x_wconf 88' lang='lat' dir='ltr'>et</span> <span class='ocrx_word' id='word_1_147' title='bbox 554 3001 607 3071; x_wconf 83' lang='lat' dir='ltr'>y,</span> <span class='ocrx_word' id='word_1_148' title='bbox 631 2979 838 3065; x_wconf 90' lang='lat' dir='ltr'>promiscue</span> <span class='ocrx_word' id='word_1_149' title='bbox 860 2926 1095 3046; x_wconf 83' lang='lat' dir='ltr'>sumebantur</span> <span class='ocrx_word' id='word_1_150' title='bbox 1113 2975 1212 3044; x_wconf 89' lang='lat' dir='ltr'>etin</span> 
     </span>
     <span class='ocr_line' id='line_1_22' title="bbox 124 3101 1199 3202; baseline -0.01 -25"><span class='ocrx_word' id='word_1_151' title='bbox 124 3102 199 3179; x_wconf 87' lang='lat' dir='ltr'>hac</span> <span class='ocrx_word' id='word_1_152' title='bbox 220 3108 436 3202; x_wconf 88' lang='lat' dir='ltr'>scriptione,</span> <span class='ocrx_word' id='word_1_153' title='bbox 459 3126 529 3198; x_wconf 92' lang='lat' dir='ltr'>pro</span> <span class='ocrx_word' id='word_1_154' title='bbox 550 3109 566 3174; x_wconf 84' lang='lat' dir='ltr'>r·</span> <span class='ocrx_word' id='word_1_155' title='bbox 590 3104 732 3187; x_wconf 73' lang='lat' dir='ltr'>vocali,</span> <span class='ocrx_word' id='word_1_156' title='bbox 757 3116 794 3171; x_wconf 90' lang='lat' dir='ltr'>et</span> <span class='ocrx_word' id='word_1_157' title='bbox 822 3124 890 3194; x_wconf 89' lang='lat' dir='ltr'>pro</span> <span class='ocrx_word' id='word_1_158' title='bbox 923 3114 1150 3169; x_wconf 83' lang='lat' dir='ltr'>consonante</span> <span class='ocrx_word' id='word_1_159' title='bbox 1162 3101 1199 3193; x_wconf 82' lang='lat' dir='ltr'>j.</span> 
     </span>
    </p>

    <p class='ocr_par' dir='ltr' id='par_1_7' title="bbox 77 3227 1203 3845">
     <span class='ocr_line' id='line_1_23' title="bbox 231 3227 1203 3337; baseline -0.002 -34"><span class='ocrx_word' id='word_1_160' title='bbox 231 3231 417 3335; x_wconf 89' lang='lat' dir='ltr'>Demum,</span> <span class='ocrx_word' id='word_1_161' title='bbox 443 3256 489 3301; x_wconf 85' lang='lat' dir='ltr'>ex</span> <span class='ocrx_word' id='word_1_162' title='bbox 522 3232 637 3301; x_wconf 86' lang='lat' dir='ltr'>nimia</span> <span class='ocrx_word' id='word_1_163' title='bbox 667 3228 879 3322; x_wconf 85' lang='lat' dir='ltr'>adspirandi</span> <span class='ocrx_word' id='word_1_164' title='bbox 913 3227 1203 3337; x_wconf 73' lang='lat' dir='ltr'>consuetudine,</span> 
     </span>
     <span class='ocr_line' id='line_1_24' title="bbox 77 3350 1204 3458; baseline -0.009 -20"><span class='ocrx_word' id='word_1_165' title='bbox 77 3350 82 3359; x_wconf 56' lang='grc'><strong><em>’</em></strong></span> <span class='ocrx_word' id='word_1_166' title='bbox 125 3364 262 3438; x_wconf 78' lang='lat' dir='ltr'>halitus</span> <span class='ocrx_word' id='word_1_167' title='bbox 284 3367 308 3434; x_wconf 83' lang='lat' dir='ltr'>ir</span> <span class='ocrx_word' id='word_1_168' title='bbox 329 3362 539 3458; x_wconf 86' lang='lat' dir='ltr'>frequenter</span> <span class='ocrx_word' id='word_1_169' title='bbox 562 3358 723 3428; x_wconf 82' lang='lat' dir='ltr'>adiectus</span> <span class='ocrx_word' id='word_1_170' title='bbox 753 3368 808 3428; x_wconf 92' lang='lat' dir='ltr'>cst</span> <span class='ocrx_word' id='word_1_171' title='bbox 837 3355 1048 3450; x_wconf 87' lang='lat' dir='ltr'>cumprimis</span> <span class='ocrx_word' id='word_1_172' title='bbox 1070 3379 1204 3447; x_wconf 84' lang='lat' dir='ltr'>conso</span> 
     </span>
     <span class='ocr_line' id='line_1_25' title="bbox 124 3480 1203 3587; baseline -0.006 -22"><span class='ocrx_word' id='word_1_173' title='bbox 124 3515 202 3566; x_wconf 83' lang='lat' dir='ltr'>nae</span> <span class='ocrx_word' id='word_1_174' title='bbox 227 3506 264 3580; x_wconf 88' lang='lat' dir='ltr'>t,</span> <span class='ocrx_word' id='word_1_175' title='bbox 290 3506 395 3587; x_wconf 83' lang='lat' dir='ltr'>etg:</span> <span class='ocrx_word' id='word_1_176' title='bbox 422 3487 550 3584; x_wconf 86' lang='lat' dir='ltr'>quibus</span> <span class='ocrx_word' id='word_1_177' title='bbox 568 3502 608 3557; x_wconf 88' lang='lat' dir='ltr'>et</span> <span class='ocrx_word' id='word_1_178' title='bbox 633 3484 744 3556; x_wconf 85' lang='lat' dir='ltr'>bodie</span> <span class='ocrx_word' id='word_1_179' title='bbox 768 3485 1004 3580; x_wconf 82' lang='lat' dir='ltr'>pertinaciter</span> <span class='ocrx_word' id='word_1_180' title='bbox 1026 3480 1203 3558; x_wconf 83' lang='lat' dir='ltr'>adhaeret</span> 
     </span>
     <span class='ocr_line' id='line_1_26' title="bbox 125 3607 1200 3747; baseline -0.008 -51"><span class='ocrx_word' id='word_1_181' title='bbox 125 3629 164 3696; x_wconf 90' lang='lat' dir='ltr'>in</span> <span class='ocrx_word' id='word_1_182' title='bbox 198 3607 407 3694; x_wconf 87' lang='lat' dir='ltr'>nominibus</span> <span class='ocrx_word' id='word_1_183' title='bbox 438 3614 621 3747; x_wconf 84' lang='lat' dir='ltr'>propriis:</span> <span class='ocrx_word' id='word_1_184' title='bbox 658 3641 715 3691; x_wconf 87' lang='lat' dir='ltr'>ex.</span> <span class='ocrx_word' id='word_1_185' title='bbox 741 3641 797 3716; x_wconf 84' lang='lat' dir='ltr'>gr</span> <span class='ocrx_word' id='word_1_186' title='bbox 838 3615 967 3705; x_wconf 69' lang='lat' dir='ltr'>Totis,</span> <span class='ocrx_word' id='word_1_187' title='bbox 981 3614 1200 3720; x_wconf 57' lang='lat' dir='ltr'>Horrescit,</span> 
     </span>
     <span class='ocr_line' id='line_1_27' title="bbox 104 3728 1110 3845; baseline -0.002 -26"><span class='ocrx_word' id='word_1_188' title='bbox 104 3728 298 3845; x_wconf 39' lang='lat' dir='ltr'>&#39;Balogh</span> <span class='ocrx_word' id='word_1_189' title='bbox 974 3775 982 3787; x_wconf 91' lang='lat'><strong>·</strong></span> <span class='ocrx_word' id='word_1_190' title='bbox 1103 3778 1110 3817; x_wconf 86' lang='lat' dir='ltr'>r</span> 
     </span>
    </p>

    <p class='ocr_par' dir='ltr' id='par_1_8' title="bbox 69 3871 1280 4102">
     <span class='ocr_line' id='line_1_28' title="bbox 236 3871 1201 4016; baseline -0.004 -70"><span class='ocrx_word' id='word_1_191' title='bbox 236 3874 297 3946; x_wconf 82' lang='lat' dir='ltr'>Ad</span> <span class='ocrx_word' id='word_1_192' title='bbox 324 3871 634 3946; x_wconf 85' lang='lat' dir='ltr'>combinationem</span> <span class='ocrx_word' id='word_1_193' title='bbox 660 3872 825 3968; x_wconf 86' lang='lat' dir='ltr'>pertinet&#39;</span> <span class='ocrx_word' id='word_1_194' title='bbox 846 3890 883 3945; x_wconf 89' lang='lat' dir='ltr'>et</span> <span class='ocrx_word' id='word_1_195' title='bbox 913 3895 957 3944; x_wconf 84' lang='lat' dir='ltr'>ea</span> <span class='ocrx_word' id='word_1_196' title='bbox 984 3871 1101 3943; x_wconf 82' lang='lat' dir='ltr'>ratio:</span> <span class='ocrx_word' id='word_1_197' title='bbox 1128 3891 1201 4016; x_wconf 52' lang='lat' dir='ltr'>quta</span> 
     </span>
     <span class='ocr_line' id='line_1_29' title="bbox 69 3978 1280 4102; baseline -0.013 -20"><span class='ocrx_word' id='word_1_198' title='bbox 69 4018 78 4029; x_wconf 91' lang='lat'>&#39;</span> <span class='ocrx_word' id='word_1_199' title='bbox 123 4002 416 4102; x_wconf 88' lang='lat' dir='ltr'>liquescentibus</span> <span class='ocrx_word' id='word_1_200' title='bbox 439 4006 607 4076; x_wconf 89' lang='lat' dir='ltr'>consonis</span> <span class='ocrx_word' id='word_1_201' title='bbox 631 4002 794 4089; x_wconf 83' lang='lat' dir='ltr'>literati,</span> <span class='ocrx_word' id='word_1_202' title='bbox 819 4027 887 4099; x_wconf 91' lang='lat' dir='ltr'>pro</span> <span class='ocrx_word' id='word_1_203' title='bbox 911 3964 1207 4125; x_wconf 82' lang='lat' dir='ltr'>liquescendist·</span> <span class='ocrx_word' id='word_1_204' title='bbox 1277 3978 1280 3983; x_wconf 33' lang='lat'>¹</span> 
     </span>
    </p>
   </div>
   <div class='ocr_carea' id='block_1_3' title="bbox 125 4129 1022 4243">
    <p class='ocr_par' dir='ltr' id='par_1_9' title="bbox 125 4129 1022 4243">
     <span class='ocr_line' id='line_1_30' title="bbox 125 4129 1022 4243; baseline -0.016 -31"><span class='ocrx_word' id='word_1_205' title='bbox 125 4161 228 4243; x_wconf 78' lang='lat' dir='ltr'>gno,</span> <span class='ocrx_word' id='word_1_206' title='bbox 252 4159 407 4242; x_wconf 88' lang='lat' dir='ltr'>superne</span> <span class='ocrx_word' id='word_1_207' title='bbox 426 4137 597 4231; x_wconf 82' lang='lat' dir='ltr'>inscripta</span> <span class='ocrx_word' id='word_1_208' title='bbox 619 4149 673 4205; x_wconf 87' lang='lat' dir='ltr'>est</span> <span class='ocrx_word' id='word_1_209' title='bbox 693 4132 807 4240; x_wconf 77' lang='lat' dir='ltr'>figura</span> <span class='ocrx_word' id='word_1_210' title='bbox 830 4129 1022 4208; x_wconf 84' lang='lat' dir='ltr'>minutula.</span> 
     </span>
    </p>
   </div>
   <div class='ocr_carea' id='block_1_4' title="bbox 886 4384 1027 4457">
    <p class='ocr_par' dir='ltr' id='par_1_10' title="bbox 886 4384 1027 4457">
     <span class='ocr_line' id='line_1_31' title="bbox 886 4384 1027 4457; baseline -0.007 0"><span class='ocrx_word' id='word_1_211' title='bbox 886 4384 1027 4457; x_wconf 75' lang='lat' dir='ltr'>&#39;lo</span> 
     </span>
    </p>
   </div>
   <div class='ocr_carea' id='block_1_5' title="bbox 0 0 1358 4844">
    <p class='ocr_par' dir='ltr' id='par_1_11' title="bbox 0 0 1358 4844">
     <span class='ocr_line' id='line_1_32' title="bbox 0 0 1358 4844; baseline 0 1"><span class='ocrx_word' id='word_1_212' title='bbox 0 0 1358 4844; x_wconf 95' lang='lat' dir='ltr'> </span> 
     </span>
    </p>
   </div>
  </div>
 </body>
</html>
