2708 4844
348 302 576 373 PRlNClPIA
596 305 984 375 ontuoounputnu
1142 323 1203 395 153

238 471 315 547 Vbi
345 481 573 580 etymologia
606 483 748 568 deficit,
781 483 844 578 qui
875 506 976 582 casus
1009 484 1043 553 in
1078 478 1204 548 nostra

136 606 286 702 quidem
307 609 431 739 lingup
454 613 568 682 rarior
592 626 665 698 est,
688 616 724 681 in
745 611 895 681 vocibus
917 621 1058 681 tantum
1079 610 1202 702 primi-

133 739 240 823 tiuis,
276 738 429 809 alterum
459 744 627 811 succurrit
661 736 948 843 orthographiae
981 740 1201 838 principium

47 928 52 935 .
132 883 231 938 recta
256 865 494 967 consuetudo.

224 978 416 1071 'Veterum
438 990 687 1069 Monumenta
710 992 823 1071 MSS.
845 1012 882 1068 et
908 995 1007 1068 Libri
1030 1011 1120 1091 typo
1140 992 1199 1064 de·
1226 1040 1227 1044 =

131 1114 274 1220 scripti,
303 1128 388 1220 qnia
414 1128 545 1198 mirum
573 1128 610 1196 in
641 1125 794 1197 modurn
821 1128 987 1215 variant,
1010 1122 1201 1218 orthogra-

129 1230 260 1347 phiam
283 1255 418 1326 directe
437 1254 572 1327 docere
593 1279 669 1326 non
690 1271 866 1350 possunt:
896 1269 992 1325 recta
1013 1249 1199 1324 nihilomi-

128 1408 198 1454 nus
226 1388 444 1456 scrutatione
470 1384 653 1471 adhibita,
688 1386 837 1478 copiose
871 1381 1069 1453 ostendunt
1093 1396 1199 1450 vetu-

99 1528 225 1585 ,stam
258 1512 584 1602 consuetudinem
633 1535 729 1608 quae
762 1515 874 1584 etiam
908 1510 1229 1605 etymologicam

128 1639 263 1738 probet
279 1645 482 1729 rationem,
496 1665 569 1713 non
590 1640 709 1712 solam
728 1641 833 1737 vulgi
854 1642 1201 1736 pronunciationem

127 1772 352 1867 genuinam,
389 1774 514 1846 contra
543 1771 791 1845 tumultuosos
825 1765 1112 1877 orthographiae
1145 1790 1201 1836 ar·

129 1899 257 1971 bitros'.

231 2023 343 2122 Vulgi
362 2026 638 2123 pronunciatio,
665 2028 751 2119 quia
769 2048 888 2120 vaga,
907 2040 944 2093 et
961 2024 1097 2093 vitiosa
1119 2036 1197 2108 est,

76 2220 95 2251 χ
127 2173 172 2226 vt
194 2146 330 2253 passim
352 2160 581 2251 experimur,
604 2179 671 2251 pro
691 2153 977 2253 orthographiae
995 2155 1197 2248 principio,

128 2285 229 2380 quod
257 2289 402 2381 vtique,
429 2285 564 2373 fixum,
598 2299 635 2356 et
658 2286 839 2357 sincerum
862 2306 941 2355 esse
967 2282 1103 2369 debet,
1134 2279 1196 2352 lra-

127 2413 203 2495 beri
223 2438 297 2485 non
320 2430 455 2512 potest.
648 2454 682 2507 ,-
1004 2424 1006 2429 ’

130 2637 134 2646 ·
220 2586 312 2709 pu.
334 2592 663 2703 unrucrrronvu
683 2607 929 2690 Pnonn‘uo,
952 2611 1011 2676 nr

512 2722 814 2790 susurriano.

219 2893 260 2965 a,
284 2885 581 2958 urssuusrouls
602 2836 834 2959 ourscrvu,
853 2881 1149 2960 rnnscrrvvu.

106 3105 114 3124 ,
227 3029 563 3125 Orthographiam,
587 3027 846 3121 etymologicis
874 3023 1073 3100 rationibus
1106 3022 1190 3093 suh·

123 3160 269 3242 ninam,
296 3155 444 3251 quidam
468 3153 580 3224 hodie
601 3152 765 3225 acerbius
786 3156 1014 3246 impugnant.
1043 3145 1090 3225 Hi
1113 3150 1191 3244 ple-

123 3291 223 3383 rique
246 3304 283 3382 et
305 3289 372 3381 ipsi
396 3302 503 3357 antea
524 3251 676 3359 meliora,
700 3295 782 3357 sunt
804 3281 941 3367 secuti3
968 3280 1031 3355 sed
1062 3296 1191 3373 postea
1280 3283 1283 3289 ’
1333 3284 1336 3289 ’

122 3416 310 3487 cuiusdam
329 3414 489 3487 fastuosi
510 3415 681 3483 stentoris
704 3433 797 3480 voce
818 3408 914 3493 male
938 3409 1096 3497 seducti,
1121 3424 1193 3482 tur-

59 3546 68 3561 *
120 3554 287 3646 piterque
311 3547 489 3640 corrupti,
523 3545 598 3613 iarn
630 3542 727 3613 dicto
754 3543 848 3611 inter
878 3562 915 3609 se
941 3557 1189 3627 sacramento,
1298 3608 1304 3615 ,

119 3679 365 3749 immoderate
379 3686 586 3771 grassantur
599 3673 637 3742 in
648 3671 741 3745 alios
755 3671 907 3745 sanioris
924 3670 1066 3745 consilii
1081 3673 1192 3741 viros.

224 3805 319 3890 Sunt
347 3827 436 3877 vero
469 3824 581 3898 quam
614 3803 776 3887 maxime
812 3799 944 3869 infensi
982 3800 1109 3873 literae
1142 3799 1189 3890 j:

123 3962 233 4032 quam
256 3961 323 4006 nos
343 3938 378 4005 in
401 3957 469 4004 vsu
489 3930 626 4016 affixo,
654 3946 690 4003 et
712 3945 918 4012 concretam
943 3930 1081 4019 antiqui
1106 3950 1189 4018 pro-.

121 4072 283 4145 nominis
297 4070 342 4164 jrl'
362 4067 601 4160 particulam,
633 4078 670 4133 et
693 4060 902 4156 imperatiui
927 4055 1191 4141 surmatiuam,

121 4215 203 4279 tam
226 4199 438 4286 scribendo,
461 4217 572 4291 quam
591 4188 888 4289 pronunciando,
907 4186 1087 4282 integram
1107 4187 1190 4271 reti-
