2700 4838
196 336 297 412 2⁴7⁸
379 280 703 400 ntunouoonn
724 308 1186 416 nt..saot⁴.11.ou›.t'11.·
1292 386 1297 394 .

312 466 374 570 ¹In
406 496 616 570 huiusmodi
645 495 880 587 nominibus,
914 521 1116 572 crassatum
1147 507 1314 598 cumpri-¹

234 629 305 704 mis
323 627 527 714 vocalium,
548 625 715 697 nonnulli
740 626 993 697 tumentium
1016 628 1157 699 dudum
1189 635 1311 726 g'emi-

233 779 321 830 nare
341 770 626 839 consueuerant,
652 754 752 853 quod
776 771 813 825 et
837 751 1108 850 Pereszlenyius
1147 759 1310 839 adnota-

234 887 307 972 uit,
330 884 518 979 kirdllyo,
529 883 728 981 szemlllye
741 931 753 966 ,
776 882 893 955 halitu
912 886 954 978 j,
983 884 1162 980 loquendi
1185 889 1333 961 molli·-

231 1016 306 1096 tie,
330 1010 367 1082 in
389 1015 597 1103 proximum
619 1016 657 1108 ly
678 1014 820 1085 m'utato
836 1045 848 1103 ;
867 1011 1000 1104 hodie,
1024 1031 1152 1087 nostro
1174 1038 1303 1104 more,

233 1145 294 1239 qui
317 1131 613 1236 orthographiam
634 1144 820 1236 sequimur
841 1141 888 1212 ad
913 1143 1168 1240 etymologiae
1202 1143 1301 1241 leges

158 1318 160 1325 ·
229 1284 417 1355 exactam,
434 1271 611 1365 lircilyq'a
626 1265 870 1367 ,fiemely-ie.
898 1268 970 1340 Sed
988 1266 1071 1341 huic
1094 1274 1179 1343 vsui
1200 1246 1295 1343 iilam

234 1382 505 1490 Rereszlenyius
526 1397 625 1468 illico
652 1399 849 1493 opposuit,
872 1394 1070 1487 Paemani,
1101 1413 1140 1468 et
1172 1395 1295 1473 Kaldii
1330 1375 1334 1384 ⁸

192 1618 197 1631 ι
231 1527 509 1641 auctoritatem
530 1527 591 1620 qui
618 1524 717 1595 idem
740 1526 859 1596 facere
876 1525 1137 1599 abstinuerunt.

331 1650 539 1727 Adnotauit
561 1653 622 1724 ille
646 1669 683 1723 et
700 1649 771 1725 hoc
793 1654 867 1724 fieri
891 1679 911 1725 a
931 1643 1136 1748 honnullis3
1160 1682 1205 1728 an
1227 1681 1294 1728 ve-

227 1780 405 1875 ¹ro'b'ene,
428 1779 530 1878 praxi
551 1798 740 1879 auctorum
765 1785 895 1855 rectius
923 1784 1071 1860 doceri:
1095 1803 1136 1858 vt
1167 1788 1204 1858 in
1227 1811 1291 1860 no-
1326 1756 1328 1761 Ι

225 1910 407 1999 minibus,
428 1937 477 2008 ny
497 1911 602 1981 molli
634 1913 860 1994 terminatis,
880 1916 1132 2011 'tartomdnffi
1166 1919 1290 2012 regio,

225 2039 398 2138 bdrdny,
418 2054 557 2137 agnus,
580 2061 738 2135 uaeque
756 2042 981 2136 geminetur,
1003 2045 1291 2141 tartomdnnya,

91 2140 94 2147 ¹
182 2168 187 2178 '
225 2168 442 2265 burdam,
470 2166 584 2239 halitu
605 2171 648 2258 j,
680 2168 814 2239 eadem
846 2168 1022 2264 loquendi
1056 2172 1232 2260 mollitie,
1257 2189 1293 2243 et

223 2290 284 2372 hic
308 2299 345 2367 in
365 2325 416 2394 ny
439 2300 647 2391 proximum
683 2313 849 2386 mutato;
879 2322 972 2394 quae
991 2324 1058 2371 nos
1092 2298 1206 2372 hodie
1236 2329 1293 2374 ac·

223 2428 375 2498 curatius
398 2429 448 2496 ita
476 2425 734 2505 scriberemus,
763 2430 1051 2527 tartomo‘nyq'o,
1073 2428 1288 2524 burciny-ja.

221 2551 317 2626 Cum
338 2583 363 2626 n
382 2555 531 2639 durum,
556 2557 593 2625 in
621 2553 829 2625 nominibus
852 2579 1043 2627 crassatum
1070 2558 1284 2648 vocalium,

174 2764 179 2779 ,
220 2688 379 2773 amicum
413 2689 457 2758 ait
484 2684 596 2756 affixo
631 2682 784 2785 halitum
819 2707 924 2753 suum
954 2689 1203 2762 resuscitantiz
1238 2689 1287 2758 ab

218 2811 291 2886 hoc
319 2815 468 2908 quidem
499 2834 618 2907 neque
650 2837 699 2906 ny
739 2802 853 2909 molle
884 2810 1075 2889 abhorrere
1112 2813 1285 2900 videtur,

103 2954 105 2961 '
219 2926 383 3017 eiuadem
404 2950 534 3038 utpote
562 2940 704 3009 indolis.
732 2937 870 3011 Purum
893 2954 1016 3012 tamen
1050 2944 1202 3015 affixum
1228 2946 1298 3016 fa··

188 3155 191 3163 Ι
217 3068 394 3139 miliarius
415 3081 469 3135 est
492 3063 700 3135 nominibus
725 3069 890 3136 tenuium
917 3066 1124 3150 vocalium,
1157 3044 1298 3160 procul

217 3195 329 3266 (lubio
359 3176 395 3264 et
428 3192 492 3281 iis,
526 3206 617 3290 quae
649 3193 819 3264 desinunt
847 3194 884 3264 in
912 3190 1026 3265 molle
1047 3220 1109 3288 ny.
1140 3194 1293 3265 Horum‘

66 3348 73 3361 ¹
170 3382 173 3386 Α
215 3331 339 3421 itaque
366 3325 601 3420 similitudine
623 3338 660 3392 et
683 3347 745 3409 ea,
769 3345 862 3418 quae
889 3344 1085 3394 crassatum
1104 3339 1187 3392 suut
1215 3347 1284 3394 vo.
1330 3344 1332 3355 ·

86 3460 97 3475 ’
216 3455 372 3543 calium,
394 3453 493 3523 idem
513 3452 662 3522 affixum
684 3454 883 3547 accipient:
904 3466 945 3521 vt
957 3450 1115 3522 habeant
1128 3468 1166 3522 et
1185 3435 1281 3524 hanc

212 3585 459 3686 possessiuam
491 3579 705 3650 affixionem
739 3582 957 3676 aequalem
1003 3583 1106 3653 sicuti
1143 3580 1283 3652 habeut

189 3714 508 3783 ·terminationem
533 3724 675 3803 partem
696 3713 896 3780 maximam
922 3714 1075 3801 omnino
1103 3710 1284 3798 eandem,

83 3855 97 3883 ⁸
169 3802 174 3829 Ι
211 3821 396 3935 peridem
419 3857 553 3929 nempe
576 3834 724 3905 affixum
756 3835 1016 3925 formatiuum,
1048 3838 1169 3908 vocali
1199 3854 1281 3909 tan-

210 3946 291 4029 tum
335 3974 489 4054 propter
516 3959 740 4054 euphoniam
778 3978 940 4048 mutata,
975 3968 1103 4058 meny,
1140 3964 1283 4060 ma'ny,
1330 4032 1334 4050 ,

89 4117 91 4125 ’
135 4168 138 4179 ,
209 4095 331 4182 vehy,
352 4086 476 4183 vciny;
493 4086 622 4182 quibua
643 4114 682 4162 se
712 4089 954 4164 accomodant
976 4106 1012 4161 et
1043 4092 1205 4186 reliqua,
1238 4093 1284 4164 li:

176 4301 180 4306 ⁴
210 4230 271 4288 cet
290 4215 394 4292 aliter
419 4214 589 4317 lormata.
616 4218 692 4294 Ista
711 4223 762 4294 sic
782 4224 907 4320 potius
930 4219 1094 4311 dicuntur
1116 4245 1198 4295 cum
1221 4221 1277 4294 af·
