2708 4844
122 344 197 436 18·
390 313 395 319 .
540 370 772 427 mmmmm
877 333 883 340 ’

181 527 256 611 fc.
374 525 527 594 vocvn
550 523 746 589 urrunsa
761 488 951 593 eruunt.
997 580 999 584 ,

224 659 302 732 Iam
325 666 352 734 si
376 686 496 733 rerum
519 665 702 757 ipsarum,
730 688 825 759 quae
844 681 968 736 mente
989 666 1200 760 concipiun-

120 809 199 878 tur,
228 790 479 887 diuersitatem
504 794 822 887 contemplemur:
849 794 975 888 plura,
1011 814 1047 864 et
1078 794 1202 862 distin·

127 936 186 988 cta
205 938 394 991 occurrunt
413 919 525 990 nobis
549 945 674 992 earum
700 946 846 1021 genera.
874 918 922 993 Et
939 923 1104 1024 ⁴primum
1125 924 1205 1015 qui·

125 1047 212 1119 dem
236 1047 281 1119 de
305 1050 360 1120 his
383 1055 603 1145 praecipuae
630 1073 714 1122 sunt
733 1050 989 1154 substantioe,
1017 1054 1073 1122 re's
1093 1055 1204 1147 vtpo'-

122 1197 159 1250 te
186 1204 256 1275 per
280 1205 320 1250 se
345 1180 603 1269 subsistentes,
618 1198 655 1252 et
678 1183 725 1252 ab
747 1180 829 1254 aliis
848 1199 1061 1277 separatae:
1084 1204 1205 1274 emgr.

126 1318 260 1405 terra,
279 1304 414 1402 titii,
439 1316 572 1399 homo,
599 1338 740 1410 equus,
753 1330 835 1405 etc.
865 1311 1074 1410 Sequuntur
1092 1332 1204 1408 porro

76 1498 79 1503 Α
125 1438 357 1534 puerilitatem
383 1430 450 1534 per
473 1464 512 1509 se
534 1446 610 1511 rion
632 1440 891 1529 subsistentes,
922 1464 1042 1536 neque
1062 1439 1206 1536 separa·

123 1564 239 1654 biles,
269 1567 334 1637 sed
361 1590 454 1666 quae
476 1590 626 1664 semper
652 1567 872 1640 substantias
897 1569 1100 1662 requirunt,
1126 1565 1206 1658 qui·

115 1693 191 1771 ibus
216 1698 321 1792 ipsae
341 1695 582 1780 inhaereant:
610 1719 743 1792 exige.
767 1699 926 1782 aridus,
952 1692 1113 1781 viridis,
1141 1690 1206 1760 bo-

123 1846 218 1908 nus,
246 1823 391 1911 malus,
417 1839 489 1905 ete,
526 1822 719 1894 Accedunt
745 1818 939 1916 praeterea
966 1821 1207 1894 habitudines

123 1952 270 2039 variae,
293 1932 335 2020 in
364 1950 494 2045 quibus
526 1952 757 2023 substantiae
787 1953 933 2049 positae
966 1973 1044 2020 esse
1086 1948 1207 2019 conci·

123 2085 293 2178 piuntur‚
334 2095 470 2153 statum
503 2081 670 2177 aliquem
700 2079 927 2168 obtinendo,
964 2077 1025 2149 vel
1049 2102 1207 2175 purum,

124 2212 410 2316 velagentem,
436 2215 501 2290 vel
522 2217 753 2310 patientem:
784 2237 842 2282 ex.
860 2236 913 2310 gr.
936 2212 1095 2297 dormit,
1118 2215 1209 2309 vigi·

126 2345 209 2432 lat,
232 2346 335 2433 ortit,
362 2357 489 2426 amat,
511 2357 580 2414 etc.

5 2486 8 2491 ⁴
77 2539 82 2545 .
174 2561 177 2569 ¹
232 2467 322 2546 Tria
335 2471 431 2546 'haec
450 2494 572 2542 rerum
590 2490 727 2566 genera
747 2467 1023 2561 expressionum
1038 2489 1209 2562 quoque,

127 2625 192 2672 seu
210 2594 550 2689 vocum‚·t0tidem
574 2596 821 2694 praebuerunt
843 2618 1000 2692 genera:
1031 2620 1125 2692 quae
1138 2622 1211 2669 ser·

127 2733 232 2802 moni
252 2733 440 2825 praeciso,
457 2743 495 2796 et
516 2727 747 2813 necessario,
768 2727 985 2821 praesertim
1000 2730 1037 2796 in
1054 2729 1209 2822 primor-

128 2858 219 2944 diis,
242 2868 429 2950 vtcunqu'e
451 2849 685 2926 suffecerunt.
716 2853 813 2942 Sed,
831 2854 928 2950 quia
951 2848 1209 2927 mens‘huma-

128 3014 199 3075 na,
236 3008 273 3062 et
311 2986 530 3084 qualitates,
568 2988 605 3057 et‘
636 2985 871 3060 habitudines
905 2980 1210 3080 substantiarum,

133 3120 247 3189 etiam
270 3109 403 3197 modis-
417 3113 591 3203 diuersis,
609 3140 651 3190 ac
675 3121 976 3208 circumstantiis,
1000 3142 1210 3214 repraesen-

133 3265 211 3319 tate
245 3234 388 3340 potuit,
423 3261 459 3315 et
487 3270 616 3319 reuera
645 3251 959 3344 repraesentauit3
997 3252 1144 3342 insuper
1173 3258 1213 3319 et

131 3400 267 3456 nexum
300 3380 545 3472 cogitatorum
577 3379 788 3474 diligentius
815 3403 938 3452 curare
968 3382 1042 3448 iam
1054 3368 1211 3472 ¹¹coepit:

131 3523 214 3578 orta
235 3520 290 3575 est
311 3503 420 3593 hinc,
441 3506 587 3578 adistat
609 3528 757 3602 quoque
778 3490 1037 3602 exprimenda,
1052 3509 1223 3603 plurium·
1239 3555 1249 3604 1,

106 3606 269 3771 specum
289 3618 501 3713 necessitas.
851 3630 853 3634 ’

107 3774 109 3779 ’
241 3765 317 3835 Iam
342 3740 454 3839 voces
479 3785 609 3833 ornnes
632 3766 682 3834 ita
708 3766 989 3853 consideratae,
1017 3782 1060 3836 rt
1085 3789 1150 3834 eae
1174 3767 1211 3833 in
1237 3854 1240 3859 Ι

69 3884 79 3899 ”
135 3916 306 3967 sermone
328 3892 592 3989 ,cogitatorum
625 3908 833 3964 nostrorum
872 3887 1016 3965 diuersa
1052 3916 1210 3987 genera,

15 4084 19 4093 .
128 4014 269 4118 'modos
301 4041 471 4115 quoque,
508 4034 546 4089 et
580 4022 959 4123 pircumstantias,.ac
986 4046 1123 4091 nexum
1148 4045 1211 4090 ex·

135 4134 321 4248 primu'nt,
362 4151 546 4221 orationis
575 4168 707 4243 partes
742 4168 933 4226 vocantur.
981 4152 1061 4223 Hae
1093 4177 1235 4239 vero,-

137 4269 454 4374 quemadmodum
473 4254 516 4351 'in
539 4279 725 4380 plerisque
747 4282 897 4379 linguis,
920 4280 979 4353 'ita
1010 4300 1048 4356 et
1077 4286 1124 4384 in
1144 4307 1208 4354 no·

17 4418 48 4447 οἱ

88 4462 96 4475 ι

892 4550 985 4637 'qt
