2708 4844
105 303 107 323 ·
211 297 256 368 sa
341 378 344 382 .
529 332 533 346 ·
643 289 877 349 monemur

204 469 290 524 tate
320 455 568 527 accenduntur
597 424 764 541 iumina,
799 468 836 522 et
869 438 971 550 qua'e'
995 454 1213 550 deteguntur
1239 474 1293 524 se·

212 587 340 664 mitae.
1040 587 1042 591 ’

223 726 226 730 “
315 715 641 797 Terminationes,
672 729 768 804 quae
793 707 951 779 vocibus
977 717 1023 780 ad
1052 707 1293 780 inflexionem

200 843 412 931 'accedunt,
438 842 640 915 hodiernae
662 857 745 910 sunt
769 840 973 938 pleraeque
997 850 1228 928 contractae,
1254 859 1291 914 et
1338 816 1341 826 Ι

163 1061 165 1065 .
200 971 394 1070 'plurimae
417 998 510 1045 sono
529 972 688 1041 multum
706 984 885 1042 mutatae.
913 967 975 1040 De
989 958 1183 1044 contractis
1201 996 1294 1040 uon-

210 1098 356 1189 nullae,
383 1124 456 1199 quo
480 1103 587 1171 altius
610 1103 763 1195 antiqua
782 1103 1006 1195 repetimus,
1033 1127 1079 1172 eo
1108 1078 1292 1174 auctiores

212 1245 449 1330 comparent,
469 1248 507 1301 et
531 1228 610 1299 rudi
636 1228 756 1300 adhuc
778 1225 1004 1302 formatione
1017 1255 1028 1312 3
1043 1229 1189 1328 hocque
1203 1256 1292 1318 su0,

209 1375 255 1431 vt
273 1362 324 1427 ita
345 1359 488 1444 dicam,
514 1358 614 1428 cuitu
634 1359 841 1454 simplices,
861 1357 1017 1429 decorae
1038 1375 1165 1429 tamen
1186 1382 1206 1428 a
1227 1383 1294 1430 ve·

209 1492 357 1562 tustatis
374 1487 480 1585 lege,
504 1488 602 1559 vitro
625 1496 704 1558 ses'e
731 1487 993 1574 marrifestan13
1023 1488 1120 1560 vnde
1147 1505 1292 1558 sumtae
1327 1540 1332 1549 .

208 1620 306 1706 sint,
335 1617 423 1714 quid
454 1632 645 1714 separatae
668 1619 820 1711 proprie
842 1619 1015 1708 valeant,
1045 1617 1133 1717 quid
1157 1617 1291 1690 affixae

113 1758 136 1845 'K
202 1762 395 1847 praestent
424 1747 668 1818 accommoda
696 1744 975 1847 significationm
1185 1726 1190 1735 ’

313 1876 352 1947 Si
378 1903 399 1948 a
420 1875 629 1970 primordiis
650 1866 698 1943 ad
719 1875 789 1943 ista
804 1875 959 1959 ultima,
985 1894 1080 1970 quae
1100 1864 1213 1941 hodie
1234 1875 1291 1940 vi·

208 2021 318 2108 gent,
336 1993 406 2100 'per
429 2020 568 2074 aetates
589 2005 726 2074 sensim
751 2001 1021 2100 regrediamur:
1048 2002 1141 2071 mira
1164 1978 1201 2068 in
1226 2003 1290 2087 iis,

213 2153 250 2203 et
271 2140 414 2203 varians
437 2132 652 2201 obseruator
673 2127 871 2227 euphonia.
912 2129 1008 2199 Nam
1032 2153 1076 2199 ea
1099 2132 1290 2201 continen-

210 2278 268 2332 ter
289 2285 463 2354 operosa,
489 2275 531 2326 vt
555 2258 788 2352 loquentium
819 2273 923 2327 erant
951 2281 1109 2350 organa,
1143 2274 1180 2326 vt
1209 2242 1291 2330 mos

204 2389 386 2475 'inualuit5
412 2409 524 2457 sonos
548 2385 691 2455 illarum
715 2383 841 2479 aliquo
867 2386 1057 2452 interiecto
1082 2386 1199 2454 modo
1226 2406 1290 2457 aui

206 2521 279 2601 xit,
304 2533 340 2587 et
361 2496 516 2589 mutauit
529 2540 540 2596 3
571 2514 686 2585 modo
708 2514 842 2619 eodem
864 2515 1055 2584 interiecto
1081 2515 1290 2602 imminuit,

201 2644 373 2742 duosque
387 2646 424 2714 in
439 2636 552 2717 vnum
568 2649 767 2715 contraxit:
790 2645 877 2712 dum
891 2640 1052 2736 denique
1064 2621 1187 2713 nostra
1200 2640 1291 2717 nata

119 2763 154 2849 J
209 2791 265 2846 est
284 2775 552 2873 pronunciandi
576 2779 734 2847 suauitas
746 2799 756 2855 ;
786 2799 919 2870 quam,
946 2778 1210 2864 consuetudine
1230 2775 1287 2846 fir·
1333 2784 1336 2789 '

115 2963 137 2999 ,⁷
205 2921 369 2996 matam„
400 2923 572 3000 putamus
602 2909 797 2998 optimam.
827 2899 867 2975 Si
896 2904 987 2998 quid
1011 2906 1132 3000 prisco
1161 2928 1292 2993 more,

52 3016 57 3028 ’
172 3067 175 3070 ·
206 3028 299 3103 olim
324 3055 441 3129 aeque
463 3033 645 3120 iucundo,
680 3031 835 3130 proferri
859 3031 1074 3118 audiamus,
1095 3048 1158 3101 aut
1186 3033 1288 3131 lega-

205 3186 287 3234 mus
321 3166 414 3258 ipsi3
441 3164 503 3235 vel
522 3162 702 3234 laedimur
721 3160 839 3250 illico,
868 3162 928 3231 vel
957 3178 1054 3233 certe
1082 3163 1262 3235 ridemnS.

310 3289 511 3385 Sed,quia
536 3293 672 3360 similia
693 3293 771 3361 sine
794 3309 919 3363 caussa
941 3295 992 3361 ita
1013 3296 1104 3386 poni
1129 3293 1175 3363 ab
1196 3297 1289 3364 anti-

58 3629 61 3641 ,
162 3634 165 3639 ¹
274 3567 310 3623 te
335 3553 481 3632 rimari;
509 3565 546 3621 et
581 3548 792 3623 obseruatas
817 3552 1065 3624 mutationum
1087 3552 1211 3648 leges,
1242 3552 1290 3623 de

132 3502 135 3509 ¹
205 3425 349 3755 sstate
373 3445 449 3491 non
470 3435 664 3514 poterant3
679 3421 791 3494 satius
812 3436 871 3492 est
891 3444 956 3508 ea,
971 3446 1032 3493 cur
1052 3426 1103 3493 ita
1123 3427 1217 3504 sint,
1234 3440 1289 3495 at·

206 3685 233 3759 il
247 3673 280 3755 ¹is
303 3681 394 3754 olim
415 3698 493 3752 tam
514 3681 646 3763 nudis,
669 3705 712 3751 ac
732 3681 958 3768 manifestis,
983 3686 1030 3755 ad
1050 3685 1288 3779 explicandas

207 3800 347 3889 uocum
361 3807 582 3887 inflexiones
597 3782 811 3895 transierim
834 3789 908 3910 'quo
929 3815 1078 3886 fiantet
1099 3821 1190 3885 istae
1212 3819 1288 3887 iam

210 3957 329 4044 certae
338 3996 349 4030 ‚
363 3965 484 4038 neque
503 3940 707 4037 praebeant
727 3947 991 4039 imposterum,
1007 3960 1048 4014 vt
1061 3961 1169 4017 antea
1182 3971 1288 4042 prae·

102 4140 112 4153 ,
204 4065 386 4162 buerunt,
400 4085 487 4144 ,tam
505 4069 735 4171 frequentem
759 4073 901 4146 errandi
923 4074 1173 4155 occasionem,
