2708 4844
223 308 286 388 3⁶4
330 312 334 319 ¹
388 295 716 364 rrrnotoenn
727 297 768 363 Ρ.
781 297 810 362 1.
824 294 942 362 srcr.
953 293 998 362 11.
1011 296 1104 363 cnr.
1121 295 1151 361 r,

210 463 369 550 serijdoal
381 464 635 546 lronyorgottem
655 468 732 528 neti
760 417 858 546 (lob.
877 463 971 528 XIX.
992 467 1068 550 16.)
1086 457 1185 542 ;·.Ore
1205 432 1316 544 pros

104 578 107 585 '
130 626 134 633 .
219 573 299 655 prio
320 573 526 654 deprecabar
549 573 674 654 ipsum.
1129 621 1134 630 .
1177 585 1182 621 ¹

271 742 274 747 .
319 682 454 745 Errauit
473 696 508 744 et
526 683 748 763 Sajnovitsius
769 681 825 767 (§.
843 687 884 747 X.
902 704 982 770 pag.
1001 686 1104 769 9;1.):
1127 701 1203 744 cum
1223 700 1284 742 no·
1323 756 1327 763 ¹

220 803 328 853 strum
350 792 545 877 magam-de
563 793 759 874 Lapponico
781 817 833 856 mo
850 797 943 875 egion
959 794 1041 857 oriri
1062 810 1201 874 prorsus
1215 808 1285 850 non

222 901 407 964 dubitauit.
439 900 590 971 Primum
607 907 700 982 egion
721 900 809 964 male
825 904 872 965 sic
892 903 997 988 legit,
1021 913 1055 962 vt
1077 902 1112 961 in
1130 918 1170 960 eo
1189 921 1213 981 g
1234 915 1287 957 so-

220 1023 281 1072 net
298 1024 461 1072 nostrum.
496 1009 614 1072 Italico
638 1009 765 1092 ferme,
792 1009 846 1072 vel
864 1011 996 1074 Gallico
1019 1028 1137 1085 more,
1155 1005 1288 1068 debuis-

219 1133 272 1183 set
290 1118 420 1205 legere,
442 1138 558 1183 ezserr:
587 1119 704 1200 vtique
729 1122 772 1189 dc
796 1122 878 1196 eelz,
897 1122 994 1198 jezlz,
1020 1121 1225 1191 deductum,
1251 1125 1289 1174 vt

219 1232 276 1295 vel
302 1233 374 1311 ipse
402 1231 524 1294 innuit.
559 1232 712 1294 Secundo
744 1231 888 1293 nesciuit
919 1231 1044 1294 adiecti
1071 1227 1224 1313 syllabici
1250 1246 1290 1287 en

220 1323 398 1408 valorem}
421 1330 558 1396 affixum
578 1333 643 1397 hoc
663 1356 851 1418 pronomen
871 1349 904 1398 et
923 1336 1032 1417 ipsum
1052 1334 1162 1397 latuit.
1182 1333 1288 1394 Huius

216 1440 434 1525 ignoratione
458 1444 527 1504 iam
547 1463 656 1523 neque
678 1445 721 1506 ad
737 1447 847 1525 ipsam
869 1441 1153 1529 significationem
1172 1438 1293 1524 genui-

216 1564 297 1608 nam
321 1563 501 1626 penetrare
525 1552 638 1627 potuit
662 1550 801 1609 voculae
824 1573 889 1612 σω.
931 1554 989 1614 Est
1011 1549 1075 1610 hoc
1094 1549 1184 1608 idem
1213 1561 1293 1623 etz,

218 1654 274 1715 vel
296 1653 395 1715 sibilo
415 1658 583 1717 crassiore
605 1677 802 1737 expressum
825 1673 897 1734 ets,
920 1659 1011 1739 quod
1029 1676 1128 1738 supra
1149 1657 1220 1717 dixi
1241 1675 1293 1718 es-

217 1784 256 1826 se
289 1763 508 1843 Lapponibus
540 1783 720 1826 commune
752 1784 829 1827 cum
864 1765 1055 1840 Hebraeis3
1095 1748 1291 1844 pronomen

218 1854 291 1952 ipse
304 1918 315 1947 ,
337 1871 398 1933 sed
418 1871 578 1951 proprie,
598 1891 637 1934 ac
658 1875 791 1952 reipsa,
812 1891 960 1949 nomen3
984 1873 1061 1951 quia
1091 1871 1214 1951 recipit
1243 1869 1291 1935 af·

215 1968 393 2046 fixionem.
418 1981 470 2046 Sit
489 1996 571 2065 ergo
594 1999 635 2041 ex
654 1985 859 2060 pronomine
882 1989 952 2059 ipse
975 1998 1100 2040 nomen
1122 1987 1288 2057 inscitus,
1333 2052 1337 2061 ¹

217 2109 283 2173 pro
305 2088 517 2168 substantia,
544 2105 712 2168 persona,
743 2108 785 2150 ex
806 2090 1029 2173 accommoda
1054 2093 1139 2151 ostis
1161 2086 1289 2173 signifi-

219 2175 382 2278 catione,
404 2217 485 2260 nam
504 2193 569 2259 hoc
592 2195 682 2259 valet
700 2213 765 2260 etz.
788 2197 860 2260 Erit
881 2199 996 2278 itaque
1012 2198 1119 2269 etr-en
1138 2199 1296 2278 ipseitas·

220 2305 313 2381 mei,
334 2306 422 2368 sicut
439 2316 594 2368 nostrum
608 2327 777 2386 mmm,
797 2306 901 2391 vulgo
922 2310 1092 2390 ipse-ego,·
1116 2319 1233 2369 mc-etr
1248 2328 1289 2370 en

152 2431 167 2455 ⁶
220 2410 563 2496 mea-ipseitas-mei,
600 2416 686 2476 sicut
714 2414 935 2497 rin-magum,
967 2427 1002 2475 et
1029 2414 1093 2476 hoc
1121 2417 1221 2476 etiam
1249 2415 1287 2477 in

77 2548 81 2557 ·
156 2580 159 2585 .
220 2524 359 2610 vulgari
378 2524 551 2608 geminate
575 2525 858 2606 exprimendum,
884 2528 1112 2609 ego-ipse-ego.
1140 2519 1288 2609 Affigen·

225 2633 262 2696 di
284 2633 397 2710 ratio,
421 2645 455 2701 et
483 2652 559 2696 vsus
591 2632 746 2695 vocabuli
776 2635 811 2695 in
837 2631 900 2696 hac
921 2631 1102 2712 affixione,
1125 2633 1288 2696 conuenit
1313 2624 1321 2634 ’

126 2730 131 2753 '
223 2763 300 2807 cum
331 2754 478 2820 nostr03'
511 2744 571 2808 sed
603 2742 802 2808 vocabulum
825 2726 936 2827 ipsum
957 2743 1290 2827 prorsus'diuersum

222 2865 295 2930 est,
318 2865 352 2914 et
374 2872 481 2931 sono,
503 2865 538 2914 et
556 2853 700 2939 origine.
723 2854 761 2916 In
783 2855 903 2935 quibus
924 2874 995 2916 esse
1015 2854 1152 2916 deberet
1163 2855 1236 2929 vis,
1257 2862 1293 2914 et

221 2966 336 3043 ratio,
361 2965 525 3051 originis3
555 2982 608 3028 etz
620 3012 633 3042 ,
658 2977 693 3026 et
714 2987 812 3046 mog,
834 2984 903 3027 non
923 2964 1141 3043 conueniunt.
1173 2960 1291 3042 Ipsum

224 3099 282 3153 os,
307 3088 340 3136 et
356 3078 499 3137 medulla
520 3077 683 3153 interior,
701 3093 769 3136 non
791 3073 936 3136 cuticula
955 3074 1124 3150 exterior,
1140 3071 1233 3135 ducit
1246 3067 1293 3132 ad

225 3199 338 3247 ortum
358 3185 599 3247 indubitatum.
639 3182 682 3245 Et
704 3181 786 3245 haec
810 3181 958 3245 cuticula
978 3205 1032 3245 mo
1054 3183 1122 3244 iam
1146 3180 1236 3262 perit
1257 3179 1295 3242 in

221 3313 374 3375 persona
395 3295 542 3359 secunda
554 3339 565 3370 ,
587 3307 707 3370 etz-et,
731 3307 887 3362 to·etzet;
910 3294 1002 3373 perit
1023 3293 1058 3353 in
1080 3293 1203 3366 tertia,
1223 3301 1295 3352 etz·

219 3424 279 3481 es,
301 3417 467 3466 so-erz-es.
503 3401 570 3462 Sed
590 3423 627 3462 os
649 3402 774 3483 vbique
802 3415 979 3484 superest,
1010 3402 1059 3464 vti
1087 3378 1227 3463 modultu
1256 3397 1295 3462 in

222 3511 373 3574 nostris:
397 3509 553 3593 mog-ad,
577 3514 765 3596 te·nrog·ud
774 3535 787 3585 ‚·
812 3535 924 3594 mog-a
936 3558 948 3590 ,
971 3521 1133 3592 o-mog-o.
1208 3510 1213 3517 ’

323 3620 397 3681 Ηοο
417 3630 570 3682 nostrum
592 3640 783 3702 pronomen
804 3620 1033 3703 emphaticum
1055 3621 1188 3693 videtur
1209 3611 1297 3677 mihi

230 3738 267 3791 et
284 3724 359 3789 aliis
377 3728 560 3813 gentibus,
582 3731 681 3792 nobis
699 3729 815 3816 lingua
835 3727 993 3792 affinibus
1003 3777 1016 3808 ,
1038 3728 1119 3792 olim
1142 3744 1296 3790 commu-

228 3854 272 3899 ne
290 3831 403 3898 fuisse.
426 3835 560 3900 Habent
573 3839 664 3900 enim
677 3836 841 3902 Esthones
853 3860 960 3901 omma
976 3854 1187 3919 pronomen,
1203 3832 1297 3914 quod
1341 3881 1345 3888 .

227 3957 282 4010 est
300 3942 368 4011 illis
387 3948 569 4028 proprius„
590 3971 691 4027 suus,
712 3970 793 4012 suus
807 3955 978 4029 proprius.
1003 3945 1218 4033 significatio
1228 3990 1241 4024 ,
1259 3953 1299 4006 vt

227 4057 300 4120 iam
319 4056 466 4119 vidimus
479 4030 641 4153 ,lseadem
663 4069 769 4120 estet
790 4062 899 4122 nostri
921 4078 998 4144 mog
1008 4104 1020 4137 ,
1043 4077 1119 4120 cum
1141 4054 1211 4118 alio
1231 4069 1298 4115 no·

229 4167 322 4231 mine
341 4164 538 4231 constructi.
570 4164 631 4229 Est
649 4165 686 4229 in
706 4163 756 4231 his
777 4165 907 4252 aliquid
928 4169 1031 4234 etiem
1053 4166 1095 4232 de
1118 4183 1215 4230 sono.
1246 4161 1300 4228 Ab

570 4262 579 4301 ,
1056 4276 1060 4283 ,
