2708 4844
185 346 189 352 ’
215 367 308 450 §.rr
330 371 370 436 A.
394 363 602 434 ourcmns
621 360 924 447 economum
942 314 1066 425 nnus]
1116 379 1203 457 323.

10 551 12 555 ’
55 516 58 525 ’
99 536 229 615 ¹tione,
253 543 341 629 nti,
360 533 464 601 fuerit
492 534 591 614 olim,
615 553 686 597 non
713 538 847 595 tantum
875 533 958 608 ath,
983 529 1042 592 sed
1070 529 1175 594 etianl

111 649 169 730 asz
186 649 458 731 pronunciatum.
491 645 567 729 Quo
590 662 651 706 vsu
673 656 707 706 et
726 643 848 706 nostris
871 642 1060 729 originibus
1082 663 1175 706 com·

109 755 225 833 rnuni,
247 756 315 819 iarn
334 759 369 818 in
388 756 507 840 lingua
528 753 753 840 primigenia,
774 766 932 814 nostrum
955 772 1088 834 quoque
1114 758 1174 833 ed,
1264 809 1266 815 .
1301 770 1310 785 “
1334 742 1353 800 ·’

107 866 164 928 vel
187 878 281 931 certe
311 868 469 945 tenuius,
498 884 575 928 cum
603 865 836 946 adspiratione
861 866 1081 943 expressum,
1102 868 1175 943 eth,

108 978 249 1040 tertium
280 977 376 1040 dedit
401 961 571 1041 secundae'
594 990 763 1058 personae
785 960 982 1055 'pronomen
1011 971 1149 1036 sibilans
1162 982 1175 1050 3

63 1104 66 1121 ¹
109 1086 172 1170 esz.
195 1087 307 1152 Fuerit
325 1100 360 1150 et
378 1085 445 1150 hoc
464 1089 500 1150 in
519 1087 737 1179 primordiis,
750 1099 822 1150 tam
842 1068 1055 1167 separatum,
1074 1105 1176 1175 quam

107 1188 213 1258 etiam
232 1193 385 1263 affixum.
410 1199 474 1264 Sed
486 1180 629 1281 postea,
641 1210 772 1261 tantum
785 1197 898 1257 verbis
914 1193 1188 1272 adhaerescens}
1259 1196 1280 1240 '·
1318 1192 1323 1211 '

108 1314 143 1365 et
167 1305 289 1368 amissa
317 1306 430 1377 vocali
457 1306 647 1390 asyllabum
658 1307 724 1391 sz,
745 1310 778 1367 et
807 1324 845 1368 ea
870 1295 1016 1366 resnnlta
1038 1305 1073 1363 in
1095 1325 1177 1399 cons

107 1430 207 1473 cursu
232 1413 390 1494 duriore,
410 1401 704 1503 congruenterque
726 1422 857 1474 mutata
865 1461 876 1491 ,
891 1407 1090 1497 syllabicum
1103 1410 1176 1497 ψ,

106 1520 183 1602 asz,
207 1522 320 1606 vigere
342 1525 478 1605 coepit,
500 1525 534 1585 in
554 1524 665 1604 prim'a
686 1518 797 1583 forma
818 1523 1066 1597 vetustissima,
1090 1541 1177 1603 quae

13 1645 16 1649 ·
103 1628 367 1721 indeterminata
396 1631 522 1693 dicitur
544 1609 662 1693 radice
686 1630 797 1707 nuda,
821 1630 856 1693 in
878 1630 1059 1693 indicatiui
1081 1650 1178 1712 prai-

106 1752 219 1817 sente,
241 1753 275 1802 et
298 1742 508 1805 coniunctiui
528 1737 668 1816 futuro,
682 1751 718 1801 vt
736 1743 808 1802 e'ms
824 1732 980 1820 exempla
999 1741 1067 1802 iam
1083 1733 1175 1822 prid·-
1264 1761 1266 1765 ¹

103 1849 194 1929 cipio
215 1849 383 1927 vidimus,
406 1851 529 1934 ker-sa,
552 1850 685 1932 adr-sa,
707 1848 929 1928 ker-end-cfi,
950 1848 1175 1935 νόν-αηαὶψ.
1266 1870 1273 1877 ’
1304 1834 1308 1845 ’

201 1955 320 2020 Ortum
347 1957 444 2019 huius
467 1957 683 2037 pronominis
704 1958 777 2038 ψ,
802 1957 873 2015 siue
899 1955 941 2014 de
966 1971 1020 2033 er,
1040 1957 1111 2018 siue
1133 1960 1176 2020 de

105 2072 146 2132 ed
165 2068 390 2151 pronomine,
405 2065 629 2128 clarissimum
649 2062 795 2123 reddunt
814 2062 921 2134 etiarn
935 2074 1051 2123 nostra
1061 2083 1175 2126 exem·
1256 2131 1261 2141 ,

103 2179 162 2262 pla
181 2179 389 2242 domestica:
411 2177 558 2258 primum
578 2171 684 2234 verba
705 2170 741 2232 in
759 2183 774 2231 t
797 2169 1010 2248 desinentia,
1025 2184 1118 2236 et-eo
1140 2166 1175 2237 in

102 2289 308 2370 imperatiuo
331 2288 421 2349 varie
439 2282 623 2357 sibilante3
649 2264 774 2344 deinde
796 2279 863 2341 alia
883 2281 1058 2361 complura
1070 2330 1080 2360 ,
1092 2304 1175 2364 quo·

104 2416 178 2459 rum
200 2393 376 2471 dsibilat,
398 2404 488 2454 certe
515 2393 549 2453 in
571 2387 743 2470 praesenti
766 2400 941 2470 ternpore:
966 2410 1017 2459 ex.
1035 2412 1085 2478 gr.
1107 2376 1174 2457 tle.

101 2508 274 2578 lelre-d-ilr,
305 2504 397 2589 agit,
430 2500 643 2567 bdboro-d-ilr
657 2543 670 2577 ,
693 2498 850 2562 turbatur
858 2521 871 2584 3
903 2505 1006 2566 etiam
1036 2509 1174 2568 sserere-

93 2617 190 2702 sz-t'l·
200 2663 211 2695 ,
233 2614 474 2697 habero-soils.

199 2723 390 2806 Vestigium
408 2720 532 2782 vetusti
554 2717 653 2781 huius
679 2722 893 2802 pronominis
914 2725 1023 2786 nostri
1046 2729 1099 2811 esa
1122 2746 1173 2789 re·
1213 2738 1215 2742 ’

103 2833 175 2915 peri
197 2833 232 2893 in
252 2826 399 2892 Fennica
418 2826 713 2915 quoque'lingua:
736 2831 829 2911 quod
847 2845 936 2895 certe
958 2835 1002 2897 ad
1014 2845 1173 2914 vtrosque

103 2956 146 3000 ex
166 2939 283 3000 eadem
309 2936 439 3023 origine
461 2933 655 2998 deuolutum
681 2949 740 2997 est.
772 2936 838 3000 Sed
864 2949 915 2999 est
935 2936 1021 3013 hoc,
1051 2952 1086 3002 vt
1102 2941 1171 3002 iam

105 3067 204 3128 supra
232 3042 368 3123 monui,
392 3059 524 3108 tantum
547 3065 623 3108 cum
655 3045 871 3124 nominibus,
900 3067 938 3108 ac
969 3037 1170 3128 particulis,

103 3156 332 3218 coniunctum.
366 3153 491 3220 Dicunt
516 3153 621 3218 Fenni
649 3154 684 3211 in
712 3150 860 3211 dialecto
888 3153 1015 3216 Aboica
1040 3159 1182 3236 col-ns„

103 3266 206 3348 piscis
221 3266 314 3344 -tui,
335 3265 423 3349 os-os
434 3310 443 3339 ,
456 3282 531 3345 pars
542 3299 555 3319 ι
567 3262 616 3322 tui
629 3280 637 3327 ;
662 3258 695 3317 in
716 3259 894 3322 Sawonica
915 3264 997 3323 vero'
1014 3244 1151 3328 ool-oui
1159 3315 1169 3345 ,
1236 3341 1241 3355 Ι

103 3377 224 3460 οβα-ει·
236 3393 246 3449 ;
270 3374 358 3435 etin
381 3356 522 3445 Botnica
543 3369 697 3431 cul-noti
706 3411 719 3445 ,
743 3367 888 3450 os-o-sti.
925 3369 1020 3458 Quae
1040 3390 1168 3455 postre.

104 3502 159 3546 ma
183 3483 274 3546 clare
299 3477 523 3543 manifestant
551 3490 585 3538 et
610 3476 699 3538 sibili
719 3490 829 3540 ortum
853 3478 894 3542 de
912 3484 993 3561 ibe,
1018 3489 1166 3566 sentiri,

21 3564 24 3571 Ι
106 3591 301 3668 adspirato:
328 3587 495 3667 siquidem
518 3586 551 3647 in
572 3581 636 3647 hoc
657 3589 709 3647 tut
724 3587 939 3667 coniunctam
965 3575 1168 3675 adspiratio.

50 3746 62 3765 ,
100 3696 418 3779 nemexprimendi
446 3709 605 3770 conatus,
629 3693 711 3758 licet
739 3694 774 3757 in
801 3694 936 3760 sibilum
964 3688 1166 3783 dellectens,

102 3819 137 3868 et
157 3803 300 3867 alterum
323 3815 438 3867 tamen
461 3805 679 3870 coniunctum
706 3825 826 3871 sonum
849 3804 968 3873 literae
989 3824 1004 3871 t
1024 3814 1167 3877 retinuit

101 3910 169 3980 non
191 3933 405 3994 supressum,
426 3919 484 3980 sti.
561 3961 564 3966 -
725 3976 728 3981 ,
859 3996 863 4007 ⁸
893 3982 895 3987 ,

140 4048 144 4055 ’
200 4027 253 4090 Sic
266 4026 369 4086 etiam
385 4023 576 4088 sibilat-eth
597 4024 773 4108 particulis
796 4024 969 4090 adiectum
981 4046 991 4101 3
1003 4048 1057 4104 es,
1070 4028 1164 4092 non·¹

30 4112 34 4121 .
102 4143 161 4210 tn,
184 4134 292 4197 vocali
313 4143 371 4197 sua
389 4137 578 4223 priuatum3
594 4138 697 4197 'cll-cs
707 4183 718 4215 ,
737 4121 895 4213 'nisi-'tu,
910 4150 944 4199 et
956 4144 1081 4214 alo-os,
1097 4160 1162 4201 ne,
1231 4164 1234 4171 ·

18 4331 28 4341 ν
102 4252 161 4324 tu,
180 4243 297 4311 ‘vocali
325 4230 550 4336 congruenter
575 4256 716 4313 mutata.
743 4244 880 4314 'Priora
907 4257 1022 4315 tameo
1042 4252 1078 4315 in
1098 4248 1161 4320 v'su

906 4385 991 4462 Xe
