2708 4844
145 326 233 432 ’ὅδ’
588 346 817 406 tototlotototot

165 506 275 582 triam
296 528 513 608 quacunque
536 505 608 580 alia
628 506 735 582 huius
750 512 892 606 generis
913 510 1165 586 lucubratione
1180 536 1244 587 au·

108 622 112 631 ¹
164 661 250 738 gere
270 657 450 736 exoptet
465 639 568 713 Haec
588 664 659 738 ego
678 638 901 723 adminicula
921 647 1150 787 experientia
1164 651 1243 742 ipse

164 789 249 843 moa
272 770 339 839 tria
366 768 487 840 didici.

173 972 177 978 ,
267 897 431 970 Primum
463 897 594 972 horum
629 915 687 970 est
720 901 881 995 penitior
915 858 1062 1002 linguae
1100 903 1243 1002 patriae

165 1030 350 1125 cognitio,
378 1049 459 1099 cum
481 1027 703 1116 hodiernae,
735 1042 812 1098 tum
838 1033 1176 1129 etiamanti'quae3
1207 1049 1246 1103 et

164 1153 344 1228 hodiema
366 1157 520 1253 quidem
548 1153 801 1251 pernoscenda
831 1171 908 1244 cst,
937 1180 1047 1252 quam
1069 1159 1247 1230 lati-ssime

73 1324 102 1391 s
166 1285 398 1369 extenditur;
435 1258 589 1382 antiqua
616 1305 733 1374 vero,
770 1297 883 1380 quam
915 1284 1093 1359 altissime
1127 1292 1246 1385 repeti

164 1431 311 1516 potest.

273 1540 486 1615 Secundum
511 1556 565 1611 est
585 1544 875 1638 porrostudiurn
896 1543 1100 1641 linguarum
1124 1546 1245 1615 orien-

162 1674 292 1746 talium
304 1730 315 1763 ,
335 1675 548 1770 cumprimis
571 1672 786 1764 Hebraeae,
809 1690 848 1746 et
866 1697 959 1770 quae
981 1677 1040 1744 isti
1061 1692 1243 1773 cognatae

162 1794 271 1895 tunt‘,
295 1803 543 1889 Chaldaicae,
569 1800 767 1896 Syriacae,
789 1818 827 1875 et
849 1803 1041 1897 Arabicae.

168 1944 172 1951 '
268 1934 439 2006 Tertium
470 1916 630 2028 denique
666 1949 720 2005 est
750 1934 970 2031 ‘diligentior
1002 1935 1241 2032 perscrutatio

92 2088 95 2095 ’
163 2065 374 2166 linguarum
394 2040 760 2157 septentrionalium,
784 2079 932 2137 nostrae
951 2063 1136 2152 affinium,
1150 2061 1244 2157 Lap-

57 2284 60 2293 .
162 2195 341 2290 ponicae,
366 2188 398 2261 F
400 2191 572 2282 eunicae,
595 2205 633 2262 et
653 2185 904 2264 Esthonicae.'

660 2399 691 2485 ς.
718 2393 745 2468 Ῑ.

141 2590 159 2633 .-
209 2573 427 2651 oouutrro
450 2571 643 2642 umoris
662 2570 883 2652 rasuris,
905 2558 1191 2655 Homerum,

540 2687 600 2751 ur
622 2683 860 2770 ιιιτιρνιιι.

185 2850 190 2864 '
267 2844 317 2927 Et
337 2881 427 2928 vero
450 2847 523 2925 de
513 2873 593 2949 rpsa
612 2847 759 2950 linguae
777 2855 920 2951 patriae
939 2846 1073 2949 peritia
1087 2848 1241 2920 dubium

162 2986 295 3081 vtique
313 2982 459 3056 nullum
484 2997 551 3059 est
583 2982 786 3081 Quomodo
807 2985 906 3052 enim
927 2978 1021 3050 de
998 3005 1040 3050 rrs
1055 2978 1167 3049 rebus
1187 3002 1242 3049 re·

164 3130 221 3186 cte
247 3108 468 3210 quisdicat,
488 3134 577 3206 quas
600 3110 719 3210 probe
743 3135 817 3182 non
835 3113 961 3200 nouit,
963 3098 1040 3179 vel
1063 3126 1240 3206 magnam
1272 3124 1278 3138 ·

162 3245 258 3317 adeo
284 3252 428 3335 partem
447 3252 595 3335 prorsus
619 3230 798 3338 ignorati

264 3367 363 3469 Sane
384 3372 547 3465 penitius
563 3374 708 3468 cognita
724 3392 803 3441 esse
825 3366 936 3440 debet
956 3366 1080 3460 lingua
1095 3353 1241 3451 rr'ostra,
1272 3412 1275 3419 -

162 3481 278 3598 qualis
301 3509 402 3569 caet
423 3497 536 3570 hodie
559 3500 660 3593 viget
679 3520 756 3568 non
776 3497 893 3567 modo
916 3498 951 3565 in
973 3489 1015 3563 ils
1028 3543 1038 3580 ,
1058 3507 1154 3586 quae
1174 3517 1243 3586 pro

151 3628 377 3703 'cultioribus
392 3627 595 3714 habentur,
616 3626 848 3722 regionibus,
864 3648 993 3695 verum
1011 3626 1121 3694 etiam
1142 3622 1244 3719 apud

160 3750 266 3830 illum
295 3755 441 3855 ipsum,
466 3776 575 3855 quem
608 3756 793 3830 delicatuli
828 3750 1057 3853 despiciunt,
1086 3754 1242 3848 vulgum

112 3892 124 3927 ·’
160 3895 342 3965 nostruin
369 3882 504 3956 lnrurra
527 3885 684 3975 hocli
649 3896 746 3958 et
768 3884 880 3954 valde
903 3889 1088 3976 imperite
1119 3880 1243 3970 Nam,

84 4018 258 4125 ‚⁸,qui
244 4012 420 4090 ulteriora
442 4012 503 4086 hic
529 4029 717 4111 spectant,
741 4010 895 4107 vulgum
928 4013 1053 4105 potius
1087 4034 1244 4082 venera·
1263 4004 1269 4059 2

55 4140 58 4145 ¹
104 4165 107 4170 “
161 4152 262 4221 tione
287 4145 440 4243 dignum
466 4169 545 4216 esse
567 4146 748 4216 rudrcant
764 4142 864 4236 quod
879 4139 977 4236 apud
993 4116 1088 4208 hunc
1100 4143 1239 4232 ,prisci

160 4269 272 4351 m'oris
295 4277 496 4401 tenacitate
523 4273 641 4373 magis
671 4271 866 4368 religiosa,
901 4283 1035 4367 putent
1065 4282 1242 4364 augustae
