2708 4844
223 329 286 408 350
380 309 704 385 nrrnotootnt
715 317 756 382 P»
766 316 794 383 1.
807 312 925 387 ster.
934 314 981 387 11.
993 316 1088 388 CAP.
1096 313 1127 390 ῐ.

146 493 151 500 '
223 504 311 568 quae
330 505 397 573 ego
419 484 513 572 legi,
532 496 567 547 et
587 495 750 571 quantum
771 484 863 548 iniis
883 489 1050 551 memoria
1070 486 1199 581 valeo„
1213 496 1287 550 tam

223 596 478 677 manuscripta,
499 613 600 675 quam
622 594 715 676 prelo
731 611 919 677 expressa,
937 599 986 662 sie
1008 611 1173 682 perpetuo
1193 615 1291 661 vsur·

227 716 311 787 pata
323 701 427 766 fuisse
447 702 590 780 docent,
606 703 642 764 in
659 720 721 764 vsu
740 701 876 782 quidem
894 717 1072 786 separato,
1087 705 1198 786 nuda,
1220 721 1291 767 non

110 892 113 903 .
222 823 322 875 aucta
338 812 500 891 ilitera,
520 810 731 887 euidentiore
744 807 951 890 pluralitatis
969 825 1071 893 nota,
1095 814 1195 892 niul,
1216 815 1290 874 tuln

221 926 304 987 Cum
327 922 498 986 veteribus
522 922 663 984 nimium
682 923 882 1001 conspirant
894 932 930 983 et
945 924 1166 987 recentiores.
1190 925 1290 986 Vetu-

220 1030 368 1124 stissirua
391 1026 562 1106 Allocutio
583 1023 746 1090 Funebris
769 1024 871 1091 habet
890 1029 1073 1113 separatim
1102 1037 1191 1108 miv,
1213 1037 1292 1109 rb»,
1339 1094 1344 1107 ,

218 1159 299 1202 cum
330 1135 437 1200 halitu
474 1136 639 1213 obscuro,
665 1137 906 1218 producendae
938 1138 1065 1203 vocalis
1098 1141 1219 1226 signo,
1248 1157 1290 1204 eu

217 1249 379 1332 neglecto
398 1244 466 1321 ml,
489 1249 527 1307 tl.
559 1245 699 1326 Atqne'
690 1264 726 1307 m
746 1245 822 1327 ipso
847 1242 913 1308 hoe
935 1261 1159 1311 monumento
1176 1247 1292 1333 singu

195 1357 304 1433 lari,
328 1354 486 1437 exemplo
518 1354 660 1418 omnino
690 1358 791 1431 raro,
823 1353 928 1418 hodie
956 1376 1022 1419 uon
1054 1357 1206 1435 vsitato,
1233 1355 1292 1419 vbi

218 1469 317 1530 adest
335 1467 412 1528 mult
424 1513 435 1544 ,
454 1463 552 1550 arleet
569 1468 604 1528 in
629 1475 718 1525 statu
742 1461 867 1525 affixo:
891 1466 939 1527 vti
960 1478 994 1528 et
1015 1466 1145 1528 socium
1167 1464 1298 1548 pronti·

70 1642 73 1651 ,
170 1560 174 1569 “
216 1580 393 1662 mental,
417 1576 507 1655 quod
531 1575 668 1654 quidem
693 1580 746 1631 stt
767 1583 801 1630 et
826 1570 930 1634 hodie
953 1576 1057 1635 sicin
1078 1596 1151 1636 vsu.
1184 1576 1296 1637 Adest

216 1691 397 1764 utrumque
421 1678 502 1766 'lege
530 1682 674 1759 eadem,
703 1694 790 1759 quae
820 1682 873 1740 est
905 1678 1004 1740 uobis
1034 1699 1075 1742 ex
1098 1682 1208 1744 altero
1229 1683 1312 1745 title·

216 1793 357 1869 notior3
379 1789 572 1853 nominibus
593 1786 752 1864 affixum,
771 1788 956 1871 praemissa
976 1797 1012 1849 vt
1032 1788 1218 1869 plurimum
1231 1810 1294 1854 vo·
1317 1774 1320 1783 ¹

220 1901 314 1975 eali3
352 1899 467 1962 verbis
493 1915 573 1959 vero
600 1897 797 1974 adnexum,
825 1898 896 1958 siue
926 1913 968 1958 ea
989 1896 1124 1977 solum,
1161 1910 1298 1978 praeter

220 2012 421 2071 concursum
440 2007 631 2069 duriorem.
664 1988 858 2067 Praemissa
879 1992 973 2095 heeoj
985 2004 1137 2085 vocalis,
1165 2021 1200 2071 et
1224 2008 1298 2071 ister

223 2117 344 2183 horum
374 2121 615 2199 pronominum
643 2131 722 2177 vsus
757 2119 793 2179 iu
818 2124 908 2178 statu
940 2125 1072 2181 tantum
1097 2114 1225 2197 affixo,
1248 2138 1289 2186 eo

218 2246 275 2290 me
296 2227 386 2289 vltro
412 2204 600 2288 adducunt:¹
630 2235 666 2286 vt
687 2220 770 2287 haee
794 2219 896 2287 affixa
920 2225 1142 2312 singularium
1173 2225 1292 2291 affixo

217 2351 292 2395 rum
309 2330 456 2412 pluralia
475 2349 549 2393 esse
564 2331 724 2406 credam,
748 2332 783 2391 in
802 2328 854 2391 his
878 2346 1013 2413 quoque
1027 2336 1180 2415 personis
1192 2379 1203 2411 ,
1216 2309 1299 2396 ruo->⁶

212 2435 265 2511 ¹do
286 2434 425 2496 omnino
443 2432 616 2519 analog0‚
640 2434 689 2496 vti
717 2444 795 2497 sunt
816 2436 935 2498 eadem
962 2437 998 2498 iu
1021 2439 1142 2516 tertiis·
1163 2440 1286 2502 etiamr

219 2543 313 2603 socia
334 2528 516 2624 nimirum,
535 2542 729 2605 innumero
746 2539 930 2630 singulari,
950 2563 1013 2608 vsu
1033 2543 1134 2610 affixo
1145 2593 1155 2623 ‚
1166 2559 1199 2609 et
1214 2565 1290 2609 mu·
1329 2568 1332 2575 ·

220 2650 409 2712 tationibus
430 2650 474 2712 ab
493 2648 556 2712 hae
579 2647 741 2712 affixione
760 2650 1050 2734 dependentibus3
1070 2659 1164 2719 socia
1182 2656 1289 2720 etiam

220 2760 312 2823 datis
335 2763 377 2822 de
401 2779 436 2822 se
453 2759 665 2843 pluralibus,
686 2760 722 2824 in
737 2763 942 2828 eudemum
965 2763 1094 2848 affixo,
1112 2780 1148 2830 et
1167 2768 1289 2833 iisdem

219 2868 328 2932 ferme
348 2870 603 2933 mutationibus.

277 2957 283 2984 ⁴
313 2977 450 3043 Primae
467 2982 580 3062 itaque
599 2972 767 3062 personae
786 2966 926 3045 alfixuln
944 2983 1108 3071 singulari
1136 2992 1207 3068 lm,
1237 3008 1288 3056 se⁴

109 3090 112 3106 '
219 3091 366 3154 eundum
389 3089 501 3178 legem
522 3090 686 3163 directam
717 3088 931 3156 formationis
959 3093 1048 3159 ntro
1070 3100 1167 3163 dedit
1187 3103 1229 3164 de
1254 3118 1291 3166 se

110 3252 115 3259 .
179 3254 183 3261 .
219 3195 360 3263 affixum
379 3194 505 3281 plurale
528 3200 652 3269 err-clu
669 3199 769 3263 sicuti
786 3214 951 3282 personae
970 3206 1137 3272 secundae
1153 3206 1292 3276 affixum

221 3325 327 3390 aeque
351 3306 520 3396 singulare
551 3312 593 3370 ed
613 3305 751 3372 affixum
775 3305 931 3390 praebuit
951 3305 1079 3394 plurale
1109 3319 1216 3381 erl-el.
1250 3316 1293 3383 Iu

221 3426 383 3496 utroque,
417 3430 488 3480 tam
518 3415 553 3479 in
584 3419 697 3496 emelr,
726 3431 828 3500 quam
857 3418 891 3481 in
917 3420 1026 3502 edel„
1047 3423 1141 3487 adest
1159 3419 1293 3492 vocalis

86 3596 114 3615 ..
220 3508 334 3604 prima
365 3525 408 3584 de
430 3519 654 3609 singularibus
678 3526 749 3604 em,
771 3538 871 3610 atque
893 3533 957 3603 ed,-
980 3545 1087 3614 eaque
1106 3544 1139 3594 et
1156 3534 1190 3595 ln
1212 3528 1293 3616 his,

117 3712 120 3721 Ι
165 3654 172 3665 ,
221 3630 303 3693 dum
335 3623 544 3716 affiguntur,
573 3645 800 3743 congruenter
830 3636 1022 3704 mutabilis:
1052 3633 1181 3722 pariter
1208 3657 1300 3728 argu

127 3750 135 3766 ”
220 3741 284 3804 et
275 3759 311 3803 ru
331 3739 515 3823 pluralibus
537 3735 682 3822 flexilis,
705 3739 812 3808 immo
824 3743 892 3825 ‚ad
908 3748 1112 3833 syllabarum
1131 3767 1296 3834 compen·

220 3853 337 3930 elium,
349 3851 462 3920 ”tiam
475 3862 686 3915 euaneseens
709 3851 892 3920 Euaneseit
906 3859 1035 3930 vocalis
1053 3858 1143 3924 affixi
1162 3876 1295 3943 prono·

220 3961 324 4023 minis
336 3957 410 4042 elz,
421 3973 456 4022 vt
470 3958 538 4023 lam
551 3962 710 4042 vidimus;
726 3977 760 4026 et
776 3965 846 4028 sola
859 3968 1007 4051 asyllaba
1017 3988 1169 4034 ronsona
1173 3969 1296 4061 sesni

221 4064 294 4131 ficit
323 4066 525 4132 formandae
544 4088 708 4163 personae
731 4075 916 4139 secundae:
939 4073 1141 4143 absorbetur
1167 4054 1297 4142 vocalis

221 4175 259 4241 in
279 4173 467 4256 formation
485 4180 679 4262 praeteriti,
699 4174 930 4251 informatiuo
944 4186 1156 4254 ateusatiui:
1177 4188 1237 4252 sed
1259 4189 1296 4251 in

65 4348 204 4567 Ν·
296 4603 301 4617 ,
