2708 4844
219 311 282 385 ars
380 294 795 369 erruorooure.u
813 268 1145 367 sucurrones.
1168 330 1186 343 --

213 472 336 546 relatis
356 470 416 542 ’ad
444 471 547 565 plura
577 469 823 565 possidentia,
856 474 942 566 quia
971 476 1081 546 tacita
1111 496 1281 570 possessa

216 607 291 674 iam
321 601 478 699 pluralia
507 603 720 692 innuuntur,
744 598 947 675 adsciscunt
965 619 1002 674 et
1023 607 1124 700 ipsae
1146 605 1280 682 formas

197 736 333 825 ¹tiuum
364 731 505 828 plurale
534 748 646 803 status
678 735 890 820 constructi,
923 737 980 822 ei,
1015 759 1057 805 ac
1086 750 1281 833 propterea

213 856 396 934 adieetiuo
430 861 626 932 redduntur
651 884 768 957 aeque
798 862 940 956 plurali.
990 859 1141 964 Singula
1168 878 1278 958 porro

211 992 393 1087 recipiunt
415 1011 502 1061 suae
523 1015 703 1086 personae
725 993 837 1067 affixa
858 1000 1078 1089 pronomina
1104 994 1283 1090 pluralia,

53 1150 56 1157 ’
112 1186 118 1199 .
208 1122 299 1210 ent,
323 1122 423 1206 eret,
447 1121 513 1207 e‘lr,
535 1137 687 1216 propter
710 1123 935 1218 possidentia
956 1125 1140 1218 pluralia‚÷
1155 1141 1192 1194 et
1211 1123 1280 1193 ho-

208 1272 289 1320 rum
306 1247 519 1336 vocalibus,
534 1265 576 1320 vt
592 1253 629 1321 in
648 1252 826 1346 exemplis
844 1251 1110 1347 superioribus,
1132 1275 1278 1324 accom-

158 1412 162 1417 ·
206 1376 390 1461 modatis,
416 1393 453 1447 et
473 1382 674 1455 ‘concretis
716 1375 860 1451 Horum
883 1384 1086 1478 geminatio
1109 1382 1172 1451 dat
1194 1405 1282 1473 pro·
1308 1366 1311 1375 ¹

204 1508 358 1575 nomina
376 1479 606 1599 possessiua,
623 1511 818 1600 posteriori
838 1513 1030 1579 nominum
1048 1511 1277 1601 possessioni

208 1637 462 1731 congruentia,
489 1633 577 1703 dum
599 1633 820 1720 redduntur,
842 1638 977 1729 pariter
1001 1609 1189 1731 geminate
1214 1657 1280 1705 ex·
1340 1672 1346 1689 ι

205 1762 411 1858 primenda.

291 1865 361 1977 ἀ)
378 1890 519 1978 ort-ei,
543 1894 673 1977 nostri,
705 1905 875 1976 nostrae,
901 1905 1037 1966 nostra.
1094 1888 1275 1965 Resumto

206 2022 296 2108 enh,
322 2024 359 2090 in
381 2019 533 2092 exordio
551 2035 649 2090 certe
668 2018 878 2102 mitiori,
902 2033 1035 2110 postea
1065 2021 1274 2108 mr-ei-iuk,

203 2132 357 2221 demum
380 2148 545 2220 mi-ei-nk
556 2173 574 2238 ,·
601 2150 866 2236 nostri-nostri,
890 2152 1168 2221 nostrae-nostri
1181 2197 1195 2231 ,
1208 2174 1272 2222 no·

206 2279 424 2352 stra-nostri.

302 2407 347 2495 b)
380 2404 503 2492 Ti-ei,
535 2407 647 2476 etiam
678 2398 814 2499 tis-ei,
840 2407 977 2490 vestrl,
998 2414 1269 2491 vestraepve·
1299 2500 1307 2513 ,

201 2550 284 2608 stra.
311 2531 477 2629 Accepto
499 2533 602 2626 eret,
626 2535 746 2627 prima
774 2532 923 2627 quidem
950 2534 1189 2620 formatione,
1217 2534 1267 2601 tri

197 2664 351 2751 ei-etek,
376 2661 509 2734 deinde
530 2663 733 2749 ri·ei·itek,
767 2678 958 2757 postremo
985 2663 1175 2765 ti-ei3tek3
1201 2685 1269 2734 ve·
1297 2759 1302 2765 .

193 2774 411 2879 ¹'stri-vestri,
439 2795 738 2872 vestrae-vestri,
764 2799 1049 2866 vestra-vestri.¹

305 2931 346 3012 c)
365 2912 475 3013 (l-ei,
490 2938 527 2993 et
546 2925 748 3017 praemisso
768 2921 883 3013 halitu
896 2976 906 3011 ,
918 2939 965 2994 vt
979 2947 1105 3018 supra,
1130 2925 1268 3008 δ-υ-εἰ,

155 3126 160 3133 ,
198 3055 274 3141 sui,
294 3066 403 3141 suae,
422 3074 499 3123 sua.
528 3051 684 3124 Adiecto
706 3053 771 3132 εἸε,Ι
784 3054 864 3146 ipso
886 3054 1057 3124 nimirum
1079 3047 1149 3144 dri,
1166 3052 1265 3145 prin·

193 3188 294 3283 cipio
318 3186 525 3271 ὄ-υ-εἰ-ΰΙε,
555 3182 750 3271 duride,
776 3181 929 3253 subinde
951 3205 1042 3253 vero
1063 3167 1264 3268 dra-ciffi,
1288 3220 1294 3231 ·

196 3333 241 3380 ac
260 3309 410 3382 tandem
427 3311 598 3383 d-v-ei-l.

292 3430 401 3507 Voces
425 3431 621 3518 geminandi
649 3431 878 3510 consuetudo,
899 3430 1062 3498 Hebraeis
1085 3427 1264 3497 usitatissi-

197 3559 276 3617 ma,
308 3540 450 3621 aliisque
479 3539 726 3619 orientalibus,
755 3540 849 3623 apud
873 3560 936 3603 nos
960 3558 1096 3623 quoque
1120 3538 1265 3608 nimium

194 3647 353 3717 inualuit.
382 3651 441 3712 Est
461 3669 501 3712 ea
527 3649 617 3744 apud
637 3651 811 3714 Hebraeos
831 3649 979 3736 duplex:
1004 3648 1209 3726 dimidiata,
1230 3657 1266 3713 et

192 3761 339 3848 integra.¹
358 3757 547 3823 Dimidiata
567 3759 712 3837 dieitur,
733 3779 819 3842 quae
839 3754 967 3827 radicis'
984 3777 1174 3823 consonam
1187 3769 1265 3821 tan·

132 3956 138 3973 ⁶
192 3884 267 3943 tum
291 3880 499 3951 postremam
531 3871 703 3953 geminat,
736 3868 916 3933 interiecta
943 3889 1093 3956 congrua
1121 3867 1262 3945 vocali·;

171 3992 177 4002 '
195 3978 305 4061 qualis
325 3989 376 4042 est
395 3997 448 4043 ex.
467 3997 518 4065 gr.
540 3978 722 4049 verborum
747 3978 876 4062 species
898 3981 935 4045 in
955 3982 1117 4062 pirate-t,-
1145 3991 1179 4041 et
1203 3997 1264 4046 no-

192 4090 325 4151 tionem
341 4086 552 4170 simplicem,
573 4107 659 4170 quae
681 4100 731 4154 est
747 4091 783 4151 in
799 4091 908 4171 padul
916 4136 927 4167 ,
949 4087 1186 4152 vehementius
1206 4087 1259 4161 in·

197 4198 320 4276 ttudit.
345 4202 396 4299 ἒξ
420 4196 549 4299 (seed)
571 4209 669 4264 notat
688 4201 911 4275 circumdem
935 4205 982 4285 il?
1010 4197 1143 4286 (sealt.)
1168 4210 1261 4280 τερα·
