2708 4844
144 278 184 336 42
382 273 386 282 ’
569 264 803 322 tottettoltoltottot
832 266 838 273 '

246 394 311 531 lll.
341 427 595 506 Adnectuntur
613 408 660 499 win
693 428 820 522 lingua
849 443 973 535 nostra
994 406 1223 524 prenomina
1278 498 1280 503 ,

142 556 355 661 personalia
367 582 514 654 prorsus
537 558 729 633 eademet
750 557 1092 656 postpositionibus¹
1107 563 1221 632 ratio·

108 697 113 702 ’
142 714 214 782 ne,
238 714 311 788 qua
339 691 431 785 ipsis
463 689 688 765 nominibus..

245 821 330 894 Hoc
354 846 415 892 cur
443 825 494 893 ita
522 820 607 910 fiat,
635 819 942 903 Hebraeadocet
968 821 1109 916 lingua.
1147 817 1222 890 He-

141 951 290 1026 braicae
310 933 449 1026 etenim
462 954 771 1046 *praepositiones
793 919 925 1024 r'euera.
942 954 1095 1026 nomina
1115 970 1222 1041 sunt,

119 1107 239 1185 ¹quae
266 1083 511 1162 accommoda
541 1056 813 1179 significatione
844 1099 881 1153 et
914 1065 1009 1154 huno
1036 1099 1223 1182 praestant

139 1236 263 1285 vsum.
291 1212 375 1284 Hoc
407 1211 601 1283 admonitu
622 1236 729 1286 ausus
760 1235 843 1282 sum
873 1226 910 1282 et
932 1226 1077 1286 nostras
1097 1196 1253 1283 rimari‘

139 1344 454 1440 postpositiones,
493 1340 557 1412 vbi
593 1338 711 1438 patria
742 1312 878 1415 defecit
905 1343 1050 1442 lingua,
1088 1344 1222 1440 iter-pm

88 1516 99 1529 -
140 1471 333 1542 orientalia
357 1468 537 1541 adhibens
560 1470 804 1552 adminicula;
842 1471 1075 1566 eandemque
1099 1472 1221 1559 euolui

141 1618 179 1672 et
210 1600 340 1676 harum
369 1619 549 1677 naturam.
917 1680 920 1684 .

244 1729 396 1828 Volupe
410 1727 483 1803 hoc
500 1747 575 1819 est,
598 1727 883 1808 etvaldevtilc:
907 1729 1029 1827 quod,
1051 1733 1220 1802 omnium

137 1860 398 1964 particularum
423 1862 463 1931 vi
492 1862 624 1933 intima
654 1861 802 1953 penitus
826 1863 1000 1958 cognita,
1024 1875 1062 1932 et
1085 1883 1222 1931 sermo-

140 1992 198 2060 nis
229 1991 377 2089 energia
408 1991 540 2068 olarios
572 2003 646 2079 est,
671 2003 709 2061 et
728 1990 964 2064 construendi
989 1994 1089 2067 ratio
1108 1981 1229 2088 quam¹

143 2120 356 2191 certissima.

240 2248 316 2336 lv.
331 2247 524 2350 Subiungo
543 2249 727 2345 quaedam
742 2249 787 2321 de
805 2274 941 2321 vocum
963 2275 1111 2348 quoque
1131 2274 1221 2324 vera

99 2463 109 2475 ι
135 2379 409 2474 significatione
426 2402 537 2474 saepe
555 2376 612 2452 his
631 2377 864 2452 adminiculis
884 2377 1026 2451 felicius
1044 2383 1218 2470 eruenda,

138 2504 200 2581 De
217 2530 372 2603 quarum
385 2532 541 2581 numero
553 2508 647 2580 tales
660 2506 856 2581 dumtaxat
869 2501 1068 2599 adducam:
1092 2512 1220 2605 quales

55 2686 57 2691 .
135 2643 175 2711 in
197 2640 464 2737 linguanostra
482 2656 669 2714 recurrunt
688 2665 763 2711 non
775 2658 938 2738 paucae,
952 2663 1047 2712 sono
1060 2641 1219 2727 similes,

39 2742 49 2765 κ
136 2771 405 2868 significatione
425 2788 552 2842 tamen
572 2770 762 2852 diuersae3
790 2787 828 2844 et
848 2768 979 2867 quibus
993 2771 1219 2867 explicandis
1259 2864 1264 2873 .

124 2891 298 2974 'rationes
319 2902 492 2973 translate
517 2901 695 2997 loquendi
721 2925 797 2973 non
820 2923 968 2996 semper
983 2899 1180 2973 sufficiunt.
1248 2904 1259 2922 ‘

37 3051 41 3060 ·
152 3074 155 3079 >
235 3036 282 3118 a)
309 3026 539 3126 Exemplum
570 3022 782 3103 huiusmodi
818 3031 866 3101 sit
899 3026 996 3099 istud
1029 3031 1214 3123 primum:

73 3159 77 3181 ¹
133 3158 266 3251 nyulat
286 3174 372 3250 sttt,
395 3159 565 3259 leporem
585 3177 704 3242 assat3
735 3163 774 3234 el
798 3162 881 3232 suti
901 3184 946 3232 az
972 3158 1127 3255 dlgyzlt,
1154 3179 1218 3228 ex-

22 3372 24 3377 ,
132 3283 255 3380 plodit
274 3305 504 3364 tormentum
514 3315 527 3372 3
552 3295 587 3364 Ie
613 3292 697 3364 suti
718 3287 753 3364 α’
766 3291 949 3390 szemeit,
978 3287 1103 3359 deiicit
1132 3311 1217 3379 ocu-

31 3398 36 3409 ’
131 3409 192 3483 los
215 3437 316 3489 suos.
344 3420 385 3491 In
405 3415 464 3490 his
486 3421 720 3493 sententiolis
743 3416 848 3491 verbi
868 3431 953 3506 sitt,
970 3416 1135 3488 eiusdem
1158 3442 1216 3490 so·

11 3575 48 3639 fg
132 3532 203 3643 ni,'
219 3546 289 3618 nisi
310 3542 413 3645 quod
438 3551 551 3622 etiam
571 3554 821 3650 compositum
840 3547 1074 3636 adhibeatur,
1087 3551 1215 3637 varia,

132 3696 178 3746 ac
196 3675 342 3752 diuersa
367 3695 425 3754 est
449 3681 690 3779 significatio,
719 3695 755 3750 et
775 3696 962 3775 postrema
984 3679 1135 3775 quidem
1152 3702 1217 3774 pe·

131 3806 231 3882 uitus
259 3807 428 3900 deflexa,
460 3811 561 3905 nulla
588 3788 827 3882 translatione
856 3809 1112 3902 explanabilis.
1162 3812 1215 3877 At

23 3942 30 3963 ⁸
131 3956 225 4008 vero
254 3936 466 4038 linguarum
490 3950 732 4032 cognatarum
759 3932 985 4005 adminiculo
1009 3928 1211 4004 discemus:

130 4059 247 4156 haec,
272 4088 366 4140 sono
389 4054 548 4151 similia,
566 4059 719 4159 urigine
744 4078 870 4134 tamen
899 4082 965 4134 sua
990 4053 1133 4138 diuersa
1153 4085 1210 4137 es·

132 4215 193 4286 se,
220 4217 264 4301 ac
281 4207 481 4290 propterea
502 4193 613 4265 etiam
631 4190 912 4291 significatione.
1024 4278 1026 4283 ,
1169 4178 1174 4195 '
