2700 4838
137 268 157 366 a.
209 310 300 381 teo'
377 255 900 413 ἱΟΒΤΗΟΕΡΙΑῙΞὃΕζἝΝ.
924 246 1075 365 hamt.
1172 255 1176 260 -

207 493 316 552 esset.
356 474 449 581 Sed,
478 476 563 571 quia
599 482 637 544 et
668 475 801 563 exteri,
827 472 863 583 e't
892 489 1093 581 nostratep,
1119 476 1273 545 nimium

208 606 328 680 adhuc
356 586 540 699 procliues
574 616 657 671 sunt
687 600 733 672 ad
763 600 979 671 variandum
1012 602 1114 697 huius
1146 603 1275 691 literae

209 758 339 809 sonum
373 757 440 832 pro
472 732 613 808 ratione
640 730 827 813 vocalium
856 723 1112 824 sequentium
1140 754 1186 800 ne
1208 733 1275 801 ita·

208 888 280 961 quc
299 861 597 935 adhaerescerent
616 860 654 927 in
676 833 856 952 legendo,
882 880 1087 956 sonumque
1103 851 1274 942 ederent,

206 988 381 1084 peculiari
406 992 511 1082 signo
540 984 744 1070 admoniti,
771 986 874 1052 omni
902 1007 1075 1055 concursu
1101 1002 1277 1057 tenuem:

206 1127 392 1204 receptum
413 1114 449 1180 in
470 1111 597 1182 ceteris
623 1110 735 1180 literis
761 1109 975 1201 uncinulum
999 1111 1115 1185 ethic
1138 1112 1274 1182 adiice·

203 1252 241 1311 ne
264 1242 469 1321 debuimus.
499 1240 664 1334 Superne
691 1255 815 1338 auten)
844 1239 1054 1335 adiecimus.
1068 1243 1273 1312 domestico

206 1387 373 1440 veterum
404 1371 601 1466 exemplo:
639 1375 701 1467 qui
734 1371 1011 1466 huncomnino
1045 1376 1191 1482 sibilupr
1222 1391 1275 1444 te·

40 1498 45 1511 '
150 1526 157 1535 ·
200 1520 319 1567 nuem
342 1499 473 1569 eadem
507 1523 527 1567 c
557 1500 661 1577 litera
693 1523 811 1594 aeque
844 1526 1000 1593 superne
1030 1506 1274 1601 signataxiam

154 1684 161 1691 .
208 1642 484 1717 expresserant,
509 1631 727 1719 nominatim
757 1633 794 1698 in
821 1627 958 1700 Codice
982 1627 1073 1706 MS.
1100 1631 1275 1702 Transla-¹

203 1758 315 1825 tionis
341 1745 516 1827 Biblicae.
1175 1840 1178 1844 Ι

308 1881 540 1979 Liquescens
559 1908 718 1954 consona
739 1911 793 1982 gy
818 1908 912 1955 sono.
934 1889 1087 1980 propior
1109 1902 1163 1959 est
1187 1908 1272 1959 con.

197 2035 317 2105 ¹sonae
341 2014 396 2104 d·,·
424 2013 525 2107 quod
548 2011 720 2108 exempla
743 2013 925 2106 quaedam
954 2030 1102 2085 mutuae
1126 2038 1272 2108 permu-

203 2141 381 2224 tationis,
413 2162 479 2244 suo
508 2141 592 2211 loco
625 2139 804 2229 adducta,
846 2145 931 2213 satis
961 2110 1174 2217 indicarunt.
1228 2145 1274 2217 Et

205 2264 363 2336 Bohemi
390 2268 561 2361 quidem,
591 2268 765 2364 Slauique
786 2238 918 2357 nostrii
940 2268 1033 2342 hanc
1047 2278 1166 2367 potius
1184 2277 1275 2344 vici-

203 2403 356 2467 nitatem
381 2401 495 2468 secuti
519 2412 619 2468 sunt:
649 2422 729 2468 cum
748 2400 978 2493 liquescentis
1001 2427 1183 2474 consonae
1205 2415 1272 2474 noi

147 2502 155 2521 ⁸
205 2543 299 2597 strae
318 2554 372 2624 gy
393 2553 524 2599 sonum
544 2552 673 2613 reuera
692 2525 836 2624 signato
857 2531 881 2608 8
911 2536 1128 2626 exprimant.
1168 2533 1269 2603 ldem

34 2668 39 2757 J
68 2639 115 2747 ,
205 2676 242 2731 et
265 2684 330 2730 nos
352 2636 470 2732 facere
495 2676 721 2754 poteramus.
749 2657 824 2734 Sed
845 2678 963 2732 tutum
985 2687 1058 2732 non
1079 2666 1154 2732 er‘at
1172 2685 1270 2733 rece·

202 2788 288 2860 dere
311 2814 329 2860 a
354 2788 920 2887 consuetudine‘antiquissima:
952 2814 1045 2886 quae
1072 2791 1273 2886 liquescen-

202 2938 279 3004 tem
303 2922 445 2992 literam
462 2948 517 3020 gy
536 2921 633 3014 apud
657 2912 723 2991 nos
743 2937 921 3019 perpetuo
938 2944 1131 3018 supparem
1146 2919 1273 3005 babuit

202 3054 324 3122 nudae
352 3053 480 3122 literae
506 3077 559 3147 g,·
584 3067 681 3122 recte
707 3068 830 3125 autern
859 3053 972 3124 etiam
999 3067 1151 3149 propter
1175 3052 1275 3163 idem

201 3160 519 3277 pronunciationis
544 3150 738 3275 organum.

189 3375 193 3382 .
227 3318 234 3335 ‘
305 3309 445 3404 Figura
465 3313 558 3381 acuti
581 3308 676 3382 sibili
683 3298 726 3412 β
749 3289 823 3381 iarn
845 3310 994 3404 antiqua
1015 3323 1090 3395 est,
1104 3294 1276 3405 frequens

141 3512 146 3520 Ι
202 3439 239 3508 in
265 3439 353 3528 ipsis
379 3438 473 3523 adep
498 3437 596 3508 libris
620 3454 710 3535 typo
735 3438 936 3536 descriptis.
979 3434 1140 3526 Quidam
1168 3460 1274 3533 argn-

23 4378 181 4562 *a

202 3563 512 3660 tuli-hocsignum
535 3589 601 3660 pro
625 3566 762 3662 duplici
787 3567 891 3640 litera
914 3589 993 3637 esse
1006 3545 1150 3639 volunt.
1179 3562 1274 3652 Sed,
1343 3574 1346 3578 '

201 3694 411 3769 si‘arhitrio
445 3710 569 3767 nostro
598 3696 825 3776 combinatio
843 3697 915 3795 sa,
942 3693 1029 3768 licet
1055 3719 1100 3766 ex
1135 3688 1276 3765 duabus

203 3827 373 3902 consonis
403 3823 552 3894 diuersis
589 3827 824 3914 coalescens,
860 3838 986 3897 tamen
1019 3848 1087 3922 pro
1120 3825 1276 3920 sunplici

202 3972 258 4028 est
278 3952 405 4027 litera:
436 3978 496 4026 cur
520 3955 672 4051 liguram
688 3947 754 4057 sl,
783 3953 889 4026 lruius
913 3954 1196 4027 combinationis
1221 3954 1276 4020 vi·

205 4090 362 4174 cariam,
386 4089 422 4156 in
447 4087 523 4156 eius
546 4086 672 4156 locum
690 4081 948 4171 substitutam,
962 4105 1036 4154 non
1058 4103 1176 4179 acque
1190 4081 1292 4153 sint·-

203 4218 342 4312 plicem
367 4237 446 4299 esse
467 4213 683 4312 patiamur?
749 4262 752 4267 <
