2708 4844
132 274 153 370 ζ
205 314 295 385 140¹
374 260 1071 417 ⁸ossuonsrnssucr.1r.canrr.
1168 255 1172 261 ’

203 497 312 556 esset.
352 478 445 585 Sed,
474 479 559 575 quis
594 491 633 547 et
664 478 796 565 exteri,
822 474 858 545 e't
887 491 1089 582 nostratep,
1115 477 1269 546 ninriunr

93 606 96 611 ¹
204 610 324 684 adhuc
352 590 536 703 proclines
570 619 653 674 sunt
683 603 728 675 ad
759 580 975 673 uariandum
1008 603 1110 695 huius
1142 604 1270 677 literae

204 762 335 813 sonum
369 760 436 835 pro
468 736 609 811 ratione
636 732 823 804 vocalium
852 724 1108 825 sequentium
1136 755 1182 801 ne
1204 734 1271 802 ita-

204 891 276 965 quc
295 864 594 938 adhaerescerent
612 864 651 930 in
672 837 852 955 legendo,
878 884 1083 959 sonumque
1099 859 1270 943 ederent,

202 991 377 1088 peculiari
403 995 507 1086 signo
536 988 740 1072 admoniti,
767 989 869 1055 omni
898 1009 1071 1057 concursu
1097 1004 1273 1058 tenuem:

202 1130 388 1207 receptum
409 1118 445 1183 in
466 1115 593 1185 ceteris
620 1113 731 1183 literis
757 1112 971 1195 uncinulum
995 1128 1031 1185 et
1053 1112 1111 1186 hic
1134 1113 1270 1183 adiice·

199 1268 237 1315 nc
260 1245 465 1324 debuimus.
495 1243 661 1337 Superne
687 1258 811 1341 autem
840 1242 1050 1337 adiecimus..
1064 1245 1269 1314 domestico

136 1354 144 1365 ⁵
202 1390 368 1444 veterum
400 1375 597 1469 exemplo:
624 1379 697 1469 -qui
731 1375 1007 1467 huqcomnino
1042 1378 1187 1482 sibilupr
1219 1392 1271 1445 te·

36 1504 41 1516 ’
147 1532 153 1539 ·
197 1524 315 1571 nuem
339 1503 469 1573 eadem
503 1527 524 1571 c
554 1504 658 1581 litera
690 1527 808 1598 aeque
841 1529 996 1596 superne
1027 1507 1271 1603 signataziam

151 1688 157 1695 .
205 1647 480 1721 expresserant,
505 1635 723 1722 nominatim
753 1637 791 1702 in
818 1630 955 1703 Codice
979 1630 1070 1709 MS,
1097 1632 1272 1704 Transla-⁴

200 1762 311 1829 tionis
337 1750 513 1832 Biblicae.
737 1762 741 1771 '
879 1762 916 1821 l.

304 1886 349 1957 Li
359 1913 536 1985 que-scens·
555 1914 715 1960 consona
736 1916 790 1987 gy
815 1912 906 1959 sorio
932 1893 1084 1984 propior
1106 1905 1160 1963 est
1184 1910 1268 1961 con.

194 2041 314 2109 ponae
337 2020 392 2111 ἅς
421 2020 521 2114 quod
545 2018 717 2115 exempla
740 2019 922 2112 quaedam
951 2036 1099 2127 mutuae
1123 2042 1268 2113 permu-

199 2149 378 2231 tationis,
410 2170 476 2251 suo
505 2148 589 2219 loco
622 2147 801 2237 adducta,
843 2151 928 2253 satis
959 2151 1172 2221 indicarunt.
1225 2148 1271 2219 Et

201 2270 360 2343 Bohemi
386 2275 558 2368 quidem,
587 2274 761 2369 Slauique
783 2284 915 2361 nostri,
937 2273 1030 2347 hanc
1044 2282 1164 2371 potius
1182 2281 1273 2348 vici-

200 2409 353 2473 nitatem
378 2406 491 2474 sccuti
516 2417 615 2471 sunt:
646 2425 725 2471 cum
744 2402 975 2494 liquescentis
998 2429 1181 2476 consonae
1203 2418 1270 2477 no·'

143 2508 151 2527 l
201 2549 296 2603 strae
314 2560 368 2629 gy
389 2556 521 2603 sonum
540 2554 665 2601 reuera
688 2528 834 2625 signato
854 2531 878 2608 δ
908 2537 1124 2626 exprimant.
1166 2534 1268 2605 ldcm

31 2674 35 2765 J
65 2740 69 2753 ,
104 2645 111 2658 ⁸
202 2682 239 2737 et
261 2688 327 2734 nos
348 2663 467 2734 facere
491 2679 717 2756 poteramus.
745 2658 821 2735 Sed
842 2678 960 2734 tutum
982 2687 1055 2733 non
1077 2678 1151 2733 erat
1170 2686 1268 2734 rece·-

126 2816 129 2821 ·
198 2793 285 2863 dere
307 2817 325 2863 s
350 2791 917 2889 consuetudine'antiquissima:
950 2815 1042 2888 quae
1069 2792 1271 2887 liquescen-

171 2992 173 2996 t
199 2941 276 3009 tem
300 2925 442 2996 literam
459 2950 514 3022 gy
533 2923 630 3016 apud
654 2914 720 2992 nos
740 2938 919 3020 perpetuo
936 2946 1128 3019 supparem
1143 2920 1271 3005 babuit

199 3058 322 3126 nudae
349 3056 478 3125 literae
504 3079 556 3150 g,·
582 3068 678 3123 recte
705 3069 828 3126 autem
856 3055 970 3125 ctiam
997 3056 1149 3150 propter
1173 3054 1273 3163 idem

199 3168 517 3283 ¹pronunciationis
542 3152 736 3277 organum.

187 3382 190 3389 .
226 3324 232 3337 '
303 3314 443 3408 Figura
463 3317 557 3384 scuti
579 3310 675 3384 sibili
682 3299 724 3412 st
747 3290 821 3382 ianr
844 3312 992 3405 antiqua
1013 3325 1088 3397 cst,
1102 3309 1274 3407 frequens

139 3519 144 3527 Ι
200 3445 237 3515 in
263 3444 351 3533 ipsis
377 3442 471 3526 adep
496 3439 595 3511 libris
618 3455 709 3536 typo
734 3439 935 3537 descriptis·
977 3436 1139 3528 Quidam
1167 3462 1273 3536 argu-

200 3568 510 3664 tuli‘hocsignurn
534 3590 598 3663 pro
623 3568 761 3663 duplici
786 3568 890 3641 litera
912 3591 991 3638 esse
1005 3569 1149 3642 volunt.
1178 3564 1273 3655 Sed,

199 3700 409 3773 si·arb‚itrio
443 3713 568 3768 nostro
597 3698 824 3778 combinatio
842 3698 913 3796 ss,
941 3694 1028 3768 licet
1053 3720 1098 3767 cx
1134 3691 1274 3768 durbus

202 3831 371 3906 consonis
401 3826 551 3898 diuersis
588 3828 822 3916 coalescens,
859 3842 985 3898 tamen
1017 3849 1085 3923 pro
1118 3827 1274 3922 simplici

84 4040 87 4045 ,
197 3936 257 4033 ¹cst
278 3956 404 4031 litera:
434 3981 494 4028 cur
519 3957 671 4053 liguram
687 3949 753 4059 sd,
781 3955 888 4028 huius
910 3955 1194 4028 combinationis
1219 3956 1274 4023 vi·

204 4058 421 4178 cariam·‚in
446 4091 522 4159 eius
545 4089 671 4159 locum
689 4083 1035 4172 substitutam,non
1056 4105 1174 4181 aeque
1189 4084 1290 4156 sim--

202 4222 341 4317 plicem
366 4240 445 4302 csse
466 4214 682 4315 patiamur?
