2700 4838
112 317 116 328 '
175 400 180 415 .
239 365 299 429 ψ
361 312 682 419 utinotoonu
703 342 744 406 P.
766 342 794 410 1.
819 343 934 412 saca.
954 345 979 411 t.
1006 347 1100 412 mu.
1122 348 1186 417 111.

202 510 204 515 ’
239 516 395 581 Hormita
410 530 518 594 ,mea
540 508 755 588 conlatione,
776 523 827 574 est
849 514 966 577 hairum
981 517 1028 577 tte
1040 560 1053 593 ,
1076 518 1165 579 trina
1182 517 1307 597 decas,

235 637 305 689 tres
329 622 496 697 decades,
519 631 572 681 ter
592 619 721 683 decem.
745 617 808 684 Sed
829 622 965 702 aarum,
987 642 1110 689 nomen
1130 625 1283 690 vocalius
1293 673 1307 707 ,

171 752 177 765 ·
235 749 332 796 more
353 732 491 811 antiquo
514 739 724 793 contractum
744 742 796 793 est
814 733 936 803 botms
954 744 989 794 et
1009 731 1080 811 tie,
1104 734 1215 799 vocali
1236 754 1307 799 me-

236 841 293 903 dia
310 849 487 925 praetrusa
497 882 510 916 ,
534 847 572 898 vt
600 832 678 900 huic
700 848 876 901 contracto
904 839 1035 909 nomini
1054 841 1164 923 aptius
1185 841 1305 929 iunge-

234 960 330 1013 retur
339 994 352 1028 ,
366 948 452 1012 abiit
473 948 508 1011 in
531 949 601 1019 itu
620 945 699 1008 inde
716 959 835 1011 natum
852 938 1022 1013 haim-uz.
1043 948 1084 1014 ln
1097 942 1163 1013 hbe
1176 954 1306 1031 serius,

157 1132 162 1141 ¹
234 1061 398 1133 intensae,
408 1055 698 1139 pronuntiationis
725 1057 992 1135 consuetudine,
1020 1058 1156 1141 irrepsit
1182 1084 1226 1137 n,
1254 1063 1305 1124 in-

234 1166 410 1247 ualuitque
434 1163 636 1228 hodiernum
668 1165 834 1227 hermian
848 1187 861 1237 ‚-
892 1168 1181 1249 quemadmodum
1203 1193 1224 1232 n
1249 1190 1305 1234 ac·

234 1279 326 1362 cepit
349 1297 409 1341 vsu
429 1274 532 1340 simili
554 1286 588 1336 et
606 1273 747 1336 verbum
766 1285 844 1354 (int,
865 1276 958 1356 quod
980 1279 1127 1362 antiquis
1142 1278 1208 1344 fuit
1228 1291 1301 1361 brt,

232 1386 369 1464 sundit3
384 1385 485 1455 ,euius
509 1382 700 1446 deriuatum
723 1382 895 1467 hodieque
912 1400 1088 1471 superest,
1108 1402 1226 1470 eteris,
1250 1388 1302 1456 fu,

234 1515 301 1564 sor.
325 1491 489 1559 Adhibuit
511 1478 576 1553 hoc
609 1490 748 1554 verbum
778 1508 911 1573 praeter
940 1497 1027 1561 alios
1048 1496 1229 1562 Siluester:
1247 1501 1302 1560 Is·

232 1605 349 1668 tennelc
370 1601 575 1684 hurngjdnolr
600 1602 733 1680 edeiryit
760 1632 802 1647 --
824 1604 860 1663 Aa'
884 1603 958 1665 ‹ttte‘
972 1608 1143 1685 ezsoldre
1163 1603 1296 1687 (Apoc.

200 1724 204 1735 “
231 1709 321 1783 XVI.
341 1732 380 1789 ι,
404 1732 433 1777 2.
448 1711 484 1796 ):
515 1706 654 1773 Phialas
676 1710 744 1772 irae
765 1708 829 1771 Dei
847 1741 890 1758 -
907 1706 1027 1774 effudit
1045 1712 1081 1773 in
1101 1723 1234 1774 terram.

332 1811 386 1876 Sic
404 1824 532 1877 suntet
553 1812 707 1893 reliquae
737 1813 881 1879 decades
908 1816 1132 1898 compositae.
1166 1814 1243 1881 Fuit
1261 1820 1298 1883 in

232 1924 471 2009 entiquissima
491 1920 609 2012 lingua
626 1941 767 2006 nostra,
789 1941 924 2012 praeter
941 1931 989 1991 tta
1000 1973 1013 2007 ,
1034 1937 1070 1990 et
1089 1926 1181 1993 aliud
1200 1928 1299 1994 deca·

234 2034 287 2099 dis
305 2053 456 2113 nomen,
478 2055 561 2114 von,
580 2055 665 2115 von,
687 2059 757 2101 ven.
790 2038 935 2120 Spiritus
961 2040 1058 2121 ineo
1088 2038 1249 2102 obscurus
1278 2061 1296 2098 v

232 2154 285 2207 est
303 2164 345 2207 ex
363 2142 538 2207 lenissimo
554 2156 583 2217 ee
604 2148 756 2228 (aleph).·
773 2159 811 2209 vt
826 2146 956 2212 Tuscae
975 2148 1135 2231 scriptum
1152 2146 1296 2228 habent,

232 2252 386 2316 Arabicis
414 2253 551 2335 quidem
572 2255 706 2337 literis,
728 2276 809 2337 quas
839 2275 904 2321 noe
919 2254 921 2259 ’
935 2258 1109 2347 Hebraicis
1143 2261 1297 2346 cogimur

232 2362 445 2443 exprimere,
469 2365 530 2447 Ji&
563 2374 652 2445 (on,
674 2365 732 2426 sed
750 2362 928 2425 lenissimo
949 2362 1058 2427 halitu
1090 2367 1295 2431 sensibiliter

232 2466 349 2533 efflato
371 2471 481 2550 hon),
502 2492 607 2557 aeque
627 2474 745 2533 decem.
767 2466 865 2549 Apud
877 2463 1030 2545 Ostjekos
1045 2469 1294 2537 inuaiuitienis

188 2648 195 2673 x
229 2576 354 2643 halitus
370 2583 388 2660 j
400 2627 413 2660 ,
435 2594 469 2643 et
491 2576 738 2663 pronunciandi
764 2576 953 2641 intensione
975 2575 1062 2641 adn
1091 2585 1231 2645 accessit
1255 2583 1313 2667 in¹

229 2685 299 2752 fine
320 2710 346 2775 g
356 2734 368 2767 ,
386 2697 490 2774 jung)
504 2695 605 2771 jung,
631 2704 673 2747 eo
695 2684 855 2769 neglecto
868 2690 948 2767 job,
968 2689 1030 2768 jan
1040 2732 1054 2767 ,
1083 2686 1210 2771 pariter
1238 2693 1294 2756 de·

230 2819 309 2862 cern.
332 2799 450 2864 Halitu
469 2795 645 2861 lenissimo
664 2808 694 2866 Ν
721 2798 892 2877 (eleph),
921 2797 1015 2877 quod
1043 2798 1196 2880 procliue
1218 2813 1294 2880 est,

228 2908 354 2972 sensim
372 2912 407 2972 in
422 2923 579 2989 asperum
600 2919 627 2980 ῃ
649 2907 737 2982 (be)
760 2918 881 2988 postea
901 2925 943 2971 ex
960 2905 1079 2971 hocin
1103 2909 1246 2975 densum
1264 2921 1294 2982 Π

231 3024 352 3100 (chet)
376 3022 542 3097 abeunte,
573 3020 713 3102 irrepsit
730 3002 876 3087 'demum
914 3019 1003 3102 apud
1031 3019 1221 3101 Esthones‚
1247 3022 1295 3084 'et

229 3130 384 3212 Fennos,
408 3127 571 3193 lr'ionior
588 3128 686 3193 litera
706 3127 881 3212 palatina,
902 3140 937 3191 vt
961 3148 1065 3212 supra
1085 3132 1188 3195 etiam
1210 3131 1294 3196 mul-

228 3235 274 3299 tis
299 3236 462 3319 exemplis
483 3236 630 3319 vidimus
645 3255 656 3312 3
673 3245 851 3317 praeterea
868 3255 888 3296 a
919 3243 1087 3331 mutatum
1112 3247 1161 3296 est
1185 3235 1219 3298 in
1240 3258 1294 3315 m,

229 3345 377 3408 vicinum
397 3365 481 3415 sono
497 3364 505 3423 3
530 3359 563 3406 et
581 3344 642 3410 hoc
661 3362 774 3428 porro·
786 3348 919 3408 intensa
937 3344 1218 3425 pronunciatione
1235 3364 1293 3431 ge-

228 3455 417 3532 minatum,
441 3454 678 3516 accedentibus
708 3468 743 3519 et
767 3455 842 3521 aliis
872 3456 1106 3519 incrementis:
1136 3454 1292 3533 hamme,

128 3637 133 3647 Ι
226 3564 400 3649 hymmen,
418 3564 566 3641 utrisque
583 3565 702 3626 decem.
1047 3572 1055 3585 ‘

325 3672 398 3737 lam
418 3670 536 3754 negari
556 3690 624 3734 non
641 3687 775 3757 potest,
792 3677 882 3742 idem
896 3682 1117 3767 vocabulum,
1136 3685 1204 3755 leui
1222 3709 1294 3755 mu·

229 3780 361 3845 tatione
372 3808 384 3856 ‚-
407 3778 498 3861 apud
521 3793 639 3865 gentes
659 3780 776 3848 affines
796 3783 966 3874 hodieque
992 3810 1182 3879 superstes,
1210 3797 1292 3863 iuis·

231 3905 267 3950 se
285 3898 319 3950 et
337 3885 435 3948 nobis
455 3905 530 3950 cum
553 3889 595 3950 iis
610 3909 815 3975 commune,
831 3917 892 3960 vsu
914 3901 1016 3965 etiam
1034 3919 1211 3986 separato,
1235 3908 1294 3972 sed

158 4090 165 4099 ,
231 4009 350 4064 nostro
369 4000 418 4061 ori
440 4003 716 4085 accomodatum,
731 4017 767 4067 vt
788 4009 893 4071 modo
907 4014 1092 4094 proposui,
1106 4037 1191 4097 van,
1211 4041 1294 4099 von,

233 4126 305 4174 oen.
328 4108 494 4194 Superest
514 4131 593 4173 vero
622 4109 713 4175 idem
735 4125 770 4175 et
798 4137 886 4179 nunc
912 4120 946 4182 in
967 4125 1237 4206 compositione,
1260 4138 1296 4191 et

232 4215 308 4307 lege
327 4219 462 4308 quidem
490 4234 608 4285 nostra
627 4221 736 4286 vocali
758 4239 983 4317 congruenter
1003 4244 1143 4300 mutata.
1167 4237 1298 4301 Scimus

63 4366 255 4558 n
407 4386 410 4393 ·
1183 4366 1309 4447 itaque·
