2708 4844
396 78 404 111 t

302 148 305 153 '
383 162 398 193 e

233 274 260 297 ”
317 330 349 411 r.
370 328 415 399 u.
438 326 712 400 sacunino
733 320 938 399 ssorum.
1071 310 1074 323 ’
1117 332 1177 408 tat

104 504 206 578 dunt
227 521 264 576 et
277 509 354 580 istis
374 504 603 595 nominibus,
618 508 686 578 vsu
698 476 847 575 renisio
863 499 1076 589 contractis,
1091 495 1179 568 elisa

109 641 412 710 omninoeorum
433 631 576 723 vocali,
598 620 974 732 compendii'caussa,
990 652 1066 700 non
1089 650 1177 731 vero

10 855 12 861 Ι
111 774 333 866 transposita
346 765 360 861 3'
379 769 528 842 aliunde
548 790 636 865 ergo
648 770 715 855 ,et
728 786 855 838 reuera
868 786 890 832 a
905 743 1177 845 forisveniunt,

113 914 153 971 vt
173 903 254 997 ipsa
277 900 500 990 formatium.
522 919 677 1001 quorum
696 877 787 967 ‘sunt
806 878 947 991 partes,
974 908 1011 962 et
1033 876 1177 986 quihus·

111 1053 194 1100 cum
217 1053 292 1101 vna
319 1027 480 1100 indicant
505 1027 699 1098 adductam
726 1024 950 1095 relationum
971 1018 1175 1107 notionem.
1214 1007 1218 1012 ’

203 1173 381 1266 Emungi,
406 1190 463 1241 s'en
492 1178 574 1242 elidi
604 1172 739 1242 vocales
768 1171 900 1240 clarum
932 1184 986 1236 est
1008 1174 1111 1236 etiam
1135 1171 1176 1234 de

11 1266 22 1275 ’
109 1287 243 1365 verbis,
267 1290 302 1353 in
322 1288 672 1370 praeteritosecundo
683 1332 695 1365 ,
718 1285 956 1349 accedentibus
977 1268 1177 1345 noutseffi-
1272 1276 1275 1283 ’

110 1395 164 1457 xis
185 1393 399 1460 formatiuis:
424 1417 476 1462 ex.
493 1415 550 1483 gr.
569 1409 729 1475 mos-ott,
748 1396 854 1475 lauit3
887 1402 1058 1476 nyso-etc,
1081 1377 1187 1474 pute-³
1242 1408 1245 1415 ·

110 1502 163 1564 uit
174 1502 198 1581 ,'
216 1507 432 1586 amputauit3
468 1516 618 1567 assumto
645 1499 755 1573 affixo
775 1484 987 1586 'pronomine
1015 1519 1177 1584 personae

108 1613 263 1694 primae,
287 1635 363 1678 cum
393 1632 545 1700 congrua
566 1609 783 1692 mutatione,
802 1630 875 1685 non
902 1613 1071 1691 dicimus,
1094 1633 1178 1674 mos·
1216 1660 1219 1667 ,

109 1732 227 1785 ott-um
238 1769 249 1804 ,
271 1737 506 1808 reyes-ettem5
532 1722 591 1785 sed
612 1722 695 1786 elisa
713 1723 823 1788 vocali
845 1748 885 1801 o,
908 1734 998 1801 ete,
1024 1719 1177 1806 deprae-

108 1833 203 1892 teriti
233 1830 443 1910 formatiuo,
479 1829 581 1894 etiam
603 1852 755 1896 consona
775 1850 788 1896 t
806 1833 975 1914 simplici,
1002 1852 1088 1914 quae
1107 1848 1181 1897 tan·

106 1948 179 1999 tum
196 1938 245 2000 »ad
265 1936 451 2019 emphasim
473 1949 528 1999 est
547 1941 743 2021 geminata:
766 1955 934 2002 most-am
946 1988 955 2017 ,
968 1941 1061 2018 laui3
1082 1964 1176 2025 nyes-

13 2076 29 2139 .'
108 2055 210 2121 tem,
231 2043 371 2125 putaui,
395 2045 563 2105 truncasti.
595 2043 671 2105 Iam
695 2054 796 2124 prout
820 2044 857 2106 in
882 2042 933 2105 his
958 2043 1178 2106 metathesim

108 2148 185 2215 fieri
214 2171 283 2215 non
308 2163 399 2214 recte
419 2150 629 2227 dixerimus,
651 2152 701 2212 ite
722 2169 832 2233 neque
849 2152 885 2215 iu
905 2150 980 2215 illis.
997 2148 1177 2215 nominum
1208 2216 1210 2223 ,

109 2259 288 2341 exemplis.
320 2261 364 2323 Et
389 2261 425 2322 in
454 2255 509 2345 his
539 2259 701 2340 quidem,
724 2258 860 2321 etiamsi
883 2258 1089 2327 obscurarit
1109 2257 1178 2321 sor-

107 2348 316 2457 marinorum
344 2377 486 2447 natura,
518 2366 736 2435 metathesim
768 2364 956 2447 subsistere
977 2384 1047 2429 non
1077 2387 1177 2450 posse

107 2475 196 2541 vltro
214 2488 307 2558 patet
324 2475 377 2539 vel
397 2495 440 2538 ex
458 2493 519 2541 eo:
544 2475 636 2560 quod
655 2474 783 2540 vocalis
794 2522 806 2556 ,
827 2468 1108 2560 quae'transponi
1126 2479 1176 2542 di·

108 2586 218 2664 citur,
239 2605 307 2648 non
326 2585 368 2648 sit
387 2583 464 2649 loco
489 2583 594 2649 altero
617 2605 749 2668 semper
769 2584 910 2666 eadem,
937 2587 996 2650 sed
1018 2574 1175 2671 diuersa:

108 2711 160 2754 ex·
184 2712 235 2777 gr.
255 2695 420 2785 uirtutum,
450 2697 652 2775 liutulmut,
676 2694 889 2768 botulus-ult,⁸
920 2717 989 2761 non
1009 2716 1090 2765 vero
1114 2700 1174 2761 lut·
1207 2754 1211 2765 .

10 2882 12 2887 ,
39 2806 43 2811 '
109 2803 243 2864 tulin-ot
254 2847 265 2879 ,
286 2804 485 2867 liutulfo-oh.

201 2936 261 3001 Est
279 2957 358 3002 vero
379 2938 499 3027 similis
524 2942 713 3005 contractio
735 2937 827 3024 apud
838 2940 976 3005 Latinos
995 2916 1128 3022 quoque
1140 2936 1175 3003 in
1234 2928 1238 2937 ¹

36 3068 48 3075 ·
106 3067 178 3112 vsu.
201 3045 261 3112 Ex.
286 3069 339 3136 gr.
354 3041 474 3133 peter,
498 3074 597 3137 ager,
620 3053 768 3132 acceptis
791 3051 936 3136 genitiui
958 3048 1173 3129 formatiuis,

107 3178 177 3224 non
200 3162 357 3225 dicuntur
378 3171 541 3246 puter-is,
566 3168 695 3249 ager-1⁴3
718 3161 778 3222 sed
798 3164 948 3240 patr-ir,
975 3163 1065 3246 ugr-i
1076 3205 1088 3238 ,
1116 3178 1174 3223 vo·
1205 3188 1208 3192 ⁴

51 3355 56 3367 „
107 3271 194 3351 cali,
216 3283 355 3355 propter
380 3292 499 3346 sonum
526 3273 770 3336 breuissimum
797 3280 833 3353 et
858 3269 941 3333 alias
964 3272 1088 3355 raptim
1111 3273 1174 3333 vti-

107 3402 173 3464 que
201 3380 357 3463 prolata,
385 3383 473 3449 inter
503 3397 668 3445 consonas
699 3366 874 3442 non'duri
903 3394 1082 3444 concursus
1103 3382 1171 3445 iarn

97 3492 240 3577 penitus
263 3494 436 3576 absorpta.
469 3494 561 3577 Haec
588 3491 637 3554 ita
663 3485 734 3554 fieri
766 3489 852 3554 adeo
880 3489 1007 3554 clarum
1037 3503 1114 3577 est;
1137 3504 1175 3581 vt

106 3599 190 3664 nulli
216 3604 249 3664 in
279 3610 425 3666 mentem
456 3602 588 3664 venerit
609 3599 787 3666 absurdam
815 3601 852 3664 in
879 3595 931 3662 his
949 3589 1174 3665 comminisci
1271 3648 1273 3653 .

104 3709 333 3774 metathesim.
374 3710 442 3775 Nos
459 3710 574 3793 itaque
593 3711 629 3774 in
648 3726 711 3776 vsu
727 3706 900 3774 simillimo
912 3726 1040 3791 ,quem
1055 3709 1172 3797 lingua
1222 3780 1232 3795 ⁸

32 3800 36 3809 ⁵
104 3820 182 3904 ipsa
198 3822 434 3904 planissimum
457 3819 618 3901 exhibet,
644 3836 703 3885 cur
724 3815 808 3896 fleto
831 3829 976 3901 utamur.
990 3816 1174 3900 explanan·

107 3932 145 3995 di
175 3929 408 4010 adrninioulo;
440 3944 498 4008 vt,
520 3932 587 4025 vbi¹
607 3927 787 4001 manifesta
813 3937 866 3992 est
895 3925 1024 3991 vocalis
1054 3926 1177 4017 elisio„

105 4042 414 4124 transpositionem
434 4042 584 4105 dicamus
605 4035 697 4120 fieri,
722 4058 792 4102 non
810 4020 1070 4133 conuenientem
1095 4050 1172 4099 cum

105 4154 205 4213 nouis
225 4146 333 4214 affixis
355 4132 546 4215 formatiui's
558 4194 570 4230 ,
593 4146 733 4233 propria
751 4136 867 4234 vtique
888 4145 997 4212 vocali
1022 4164 1082 4212 sua
1101 4146 1170 4212 iam

107 4260 299 4345 praeditis,
319 4261 373 4326 vel
391 4258 476 4353 ipsis
496 4271 586 4326 certe
611 4246 809 4327 vocatibus?
