2708 4844
73 395 77 409 .
154 276 221 429 pt.
240 333 284 402 n.
299 337 338 402 r.
361 329 569 400 orrorurs
588 325 1032 433 raouonrururuas.
1082 333 1146 418 365

84 502 203 566 eadem
228 503 380 589 origine,
411 502 445 564 in
471 519 538 584 qua
560 482 808 585 piimigenihm
826 499 888 595 up
920 498 1074 587 (much)
1099 499 1146 585 'in

82 626 143 677 vsu
164 610 382 694 fuerat‚'nos
406 615 463 693 id,
484 605 624 676 ¹'fidelius
656 623 850 695 acceptum,
872 592 1044 700 integrum
1066 611 1148 674 reti.
1191 585 1194 596 Ι
1229 652 1240 669 .

85 723 239 802 ruimus,
260 746 354 805 mog,
373 730 470 804 meg,
492 742 598 785 eonor
621 719 780 784 Esthones
805 739 911 794 vero,
939 719 1097 806 neglecta
1117 730 1147 792 Π

86 830 213 918 (chet)
234 833 466 914 adspiratione
487 830 596 916 magis
619 826 762 911 aspera,
784 839 975 891 truncatum
999 831 1148 910 arripue-
1241 845 1256 856 ··
1305 908 1309 915 1

10 1021 12 1031 Ι
83 953 161 1002 runt
181 962 230 1012 mo
241 986 251 1018 ,
273 941 375 1021 idque
396 936 596 1028 retrograde
616 938 878 1020 pronunciatum
899 958 950 999 om
961 958 974 1007 ,-
1005 948 1146 1018 postea,

82 1068 145 1132 pro
167 1069 261 1112 more
285 1071 364 1130 suo,
388 1049 499 1114 vocali
520 1061 683 1112 auxerunt
703 1048 740 1109 in
757 1045 823 1110 fine
835 1091 847 1122 ,
870 1057 903 1108 et
921 1067 954 1107 m
974 1064 1149 1108 consonae
1244 1094 1247 1103 .

82 1159 315 1243 geminatione
333 1160 500 1223 intensius
519 1169 773 1249 expresserunt,
797 1176 913 1219 omme.
935 1133 1149 1229 Pronomina

82 1262 243 1353 affigendi
263 1269 429 1332 rationem
449 1279 484 1330 et
503 1268 539 1330 in
557 1264 638 1344 hoc,
655 1278 692 1329 vt
709 1268 744 1328 in
761 1258 957 1328 nominibus
971 1261 1147 1341 aliis,iam

80 1373 206 1437 dudum
224 1377 358 1459 penitus
379 1377 415 1439 in
432 1375 689 1439 desuetudinem
712 1374 886 1436 miserunt.
910 1371 966 1442 Era
980 1355 1076 1433 huius
1095 1385 1149 1434 ta·
1193 1374 1197 1387 '

77 1501 156 1566 men
179 1505 238 1547 vsu
259 1500 389 1550 vetusto
414 1487 506 1549 idem
526 1505 633 1546 omme
644 1529 655 1560 ,
677 1481 730 1544 vel
753 1480 908 1562 nudum,
929 1480 1025 1545 nullo
1044 1480 1147 1545 affixo
1240 1462 1243 1469 ¹

81 1603 239 1670 auctum,
272 1606 307 1655 et
332 1594 489 1676 primae,
507 1577 553 1654 'et
584 1591 775 1668 secundae,
804 1610 873 1654 non
893 1590 1002 1652 solum
1024 1591 1149 1654 tertiae

79 1717 245 1781 personae
266 1719 455 1783 pronomen
471 1700 597 1771 ¹reddit
610 1699 839 1783 possessiuum
849 1746 860 1777 ,
883 1700 958 1780 ipsa
975 1716 1119 1780 persona
1129 1745 1144 1778 ,
1235 1730 1237 1736 v

17 1885 23 1890 q
79 1809 123 1871 ad
153 1828 253 1888 quam
278 1808 453 1885 refertur,v
472 1809 737 1873 constructionis
765 1829 864 1873 sensu
890 1808 1145 1874 determinata:

80 1935 196 2000 eegr.
218 1918 336 1976 Minna
357 1930 525 1977 armestun
543 1908 650 1977 omme
670 1920 758 2000 iffa,
779 1939 845 2002 ego
867 1937 944 1982 amo
966 1923 1144 2004 proprium
1195 1928 1210 1943 “
1265 1981 1268 1991 ,

79 2023 244 2105 (meum)
259 2035 388 2102 petrem
405 2042 415 2097 ;
441 2023 545 2084 Sinna
562 2029 737 2086 armarere
753 2048 861 2087 omrnrr
880 2031 971 2110 iffa,
994 2041 1031 2091 tu
1050 2030 1146 2093 amas'

83 2133 259 2214 proprium
287 2131 427 2214 (teum)
449 2142 608 2212 patrem3
640 2138 765 2196 Temmu
783 2139 953 2198 armostai)
974 2159 1080 2201 omma
1099 2143 1146 2202 is·
1162 2190 1181 2209 ,,

72 2243 136 2327 se,
160 2239 222 2303 ille·
240 2253 332 2303 amat
352 2241 526 2322 proprium
551 2240 700 2326 (suum)
726 2257 868 2325 patrem.
903 2244 998 2310 Idem
1021 2248 1148 2330 vbique

80 2372 186 2413 omme
207 2352 297 2432 issu,
325 2350 587 2412 c'onstructionis
611 2371 711 2423 sensu
732 2333 1016 2436 determinatum,
1043 2358 1144 2431 nobis

80 2467 152 2532 est,
166 2474 225 2536 per
244 2473 431 2536 personas,
452 2455 555 2516 etiam
576 2451 737 2520 affixione
756 2461 999 2540 pronominum
1019 2461 1143 2526 triarius
1197 2476 1200 2481 '
1297 2523 1300 2531 .

79 2565 287 2640 indicatum,
311 2581 455 2648 meg-em
477 2575 550 2644 dre,
573 2569 801 2665 meg-oddae,
826 2589 939 2652 mog-u
959 2580 1027 2634 dee.
1051 2572 1143 2663 Tap-
1226 2564 1231 2575 “

79 2683 149 2733 tum
170 2684 220 2732 est
240 2672 281 2733 de
298 2693 402 2732 omme
416 2669 623 2750 Esthoni003
646 2677 759 2754 quod,
782 2679 975 2742 coniectura
995 2680 1144 2766 expliea-

79 2787 172 2850 tum‚
195 2784 372 2835 noncerto
395 2772 568 2836 definitum
587 2796 661 2838 esse
680 2778 770 2844 volo.

173 2882 332 2944 Eiusdem
359 2893 410 2942 est
431 2881 554 2944 indolis
580 2892 615 2945 e't
636 2885 841 2952 defeetiuum
864 2911 1055 2972 pronomen
1084 2913 1142 2956 no·

80 3002 185 3052 strum
210 2990 416 3068 bennuniet,
438 2994 637 3056 berrnetelret.
673 2997 779 3059 Huius
807 3019 886 3079 pars
917 3006 1010 3080 prior
1035 3003 1140 3076 bene,

78 3118 163 3180 quae
184 3100 306 3186 eadem
325 3102 403 3182 ipsa*
421 3099 521 3163 hodie
543 3113 594 3162 est
613 3113 746 3164 tantum
768 3109 994 3187 postpositio,
1016 3111 1050 3171 in
1073 3112 1146 3191 pri‹

81 3211 230 3306 migenia
250 3209 364 3296 lingua
386 3209 451 3274 fuit
471 3230 589 3274 reuera
607 3228 755 3286 nomen,
777 3225 867 3274 rtet
890 3216 980 3277 aliae
998 3230 1143 3303 postpo-

77 3321 217 3382 sitiones
245 3332 382 3383 nostrae
409 3318 481 3383 fere
506 3339 645 3394 omnes,
672 3338 752 3400 quas
775 3319 852 3384 loeo
874 3332 935 3387 'suo
962 3325 1173 3411 dabopie-1
1225 3380 1227 3387 ⁴

77 3447 198 3508 resque
221 3426 373 3491 euolutas
397 3428 441 3512 ad
467 3428 676 3491 euidentiam
698 3429 717 3508 ζ
727 3428 838 3509 Etym.
857 3431 952 3497 Part.
975 3435 1027 3502 II.
1054 3437 1140 3503 Secti

30 3534 34 3542 ’
78 3539 148 3601 HI.
172 3540 250 3620 Cep.
275 3524 304 3598 Ὶ.
322 3540 348 3621 ).
383 3534 538 3597 Genuina
566 3536 638 3597 eius
666 3532 875 3622 significatio
901 3550 953 3602 est
974 3546 1138 3623 medium,

77 3650 256 3725 medietas,
276 3647 440 3722 interius,
463 3645 627 3708 intimum.
667 3643 853 3709 Commune
875 3649 973 3712 nobis
994 3656 1140 3719 voeabu-

74 3753 145 3816 lum
165 3773 240 3816 eum
261 3752 448 3827 Hebraeis,
463 3749 662 3833 Chaldaeis,
685 3755 795 3836 Syris,
813 3767 847 3816 et
859 3760 1048 3840 Arabibus3
1068 3764 1140 3846 qui-

74 3864 135 3925 bus
154 3862 229 3944 pari
249 3861 425 3923 nobiseum
446 3881 506 3924 vsu
526 3862 616 3926 valet
639 3862 743 3925 etiam
764 3866 1071 3946 praepositionem,
1086 3877 1136 3934 irr-

78 3986 150 4051 ter‚
171 3973 280 4048 intre,
302 3976 349 4036 in.
372 3970 429 4055 113
452 3967 580 4060 (huin)
592 4019 603 4050 ,
627 3972 686 4055 Ῑξξ
716 3970 815 4054 (bein
832 3977 868 4057 ),
895 3975 929 4035 in
950 3987 1040 4038 statu
1055 3996 1136 4041 eon-

77 4093 208 4145 structu
231 4088 289 4167 ³²?
317 4075 426 4163 (een)
449 4081 539 4164 apud
560 4058 746 4147 Hebraeos.
772 4085 902 4167 Nobis,
917 4087 1012 4150 breui
1036 4110 1137 4157 voca·

60 4188 101 4261 'ii
121 4193 201 4272 ben,
225 4193 321 4256 etad
343 4196 631 4280 compensandam
650 4207 662 4246 ¹
688 4193 798 4283 (jod)
819 4197 958 4267 literam.
971 4205 1137 4294 primige-
