<?xml version="1.0" encoding="UTF-8"?>
<!DOCTYPE html PUBLIC "-//W3C//DTD XHTML 1.0 Transitional//EN"
    "http://www.w3.org/TR/xhtml1/DTD/xhtml1-transitional.dtd">
<html xmlns="http://www.w3.org/1999/xhtml" xml:lang="en" lang="en">
 <head>
  <title>
</title>
<meta http-equiv="Content-Type" content="text/html;charset=utf-8" />
  <meta name='ocr-system' content='tesseract 3.04.00' />
  <meta name='ocr-capabilities' content='ocr_page ocr_carea ocr_par ocr_line ocrx_word'/>
</head>
<body>
  <div class='ocr_page' id='page_1' title='image "./elaboratiorgram01simogoog_0166.png"; bbox 0 0 2708 4844; ppageno 0'>
   <div class='ocr_carea' id='block_1_1' title="bbox 208 302 1267 419">
    <p class='ocr_par' dir='ltr' id='par_1_1' title="bbox 8 300 1267 419">
     <span class='ocr_line' id='line_1_1' title="bbox 208 302 1267 419; baseline 0.023 -29.393"><span class='ocrx_word' id='word_1_1' title='bbox 208 364 233 403; x_wconf 53' lang='grc' dir='ltr'>ι,</span> <span class='ocrx_word' id='word_1_2' title='bbox 272 328 1003 411; x_wconf 75' lang='lat' dir='ltr'>Pnosnunscounenntrrennrt.</span> <span class='ocrx_word' id='word_1_3' title='bbox 1110 302 1175 411; x_wconf 74' lang='lat'>²141¹</span> <span class='ocrx_word' id='word_1_4' title='bbox 1261 406 1267 419; x_wconf 84' lang='lat'><em>.</em></span> 
     </span>
    </p>
   </div>
   <div class='ocr_carea' id='block_1_2' title="bbox 95 484 1266 993">
    <p class='ocr_par' dir='ltr' id='par_1_2' title="bbox 95 484 1266 993">
     <span class='ocr_line' id='line_1_2' title="bbox 201 484 1170 604; baseline -0.015 -27"><span class='ocrx_word' id='word_1_5' title='bbox 201 508 243 584; x_wconf 92' lang='lat' dir='ltr'>In</span> <span class='ocrx_word' id='word_1_6' title='bbox 261 484 511 604; x_wconf 28' lang='lat' dir='ltr'>&#39;peculiaribus</span> <span class='ocrx_word' id='word_1_7' title='bbox 534 506 665 573; x_wconf 89' lang='lat' dir='ltr'>nostris</span> <span class='ocrx_word' id='word_1_8' title='bbox 692 502 911 590; x_wconf 68' lang='lat' dir='ltr'>¹vocalibus,</span> <span class='ocrx_word' id='word_1_9' title='bbox 946 503 1017 575; x_wconf 86' lang='lat' dir='ltr'>oris</span> <span class='ocrx_word' id='word_1_10' title='bbox 1046 515 1170 571; x_wconf 80' lang='lat' dir='ltr'>rotun.</span> 
     </span>
     <span class='ocr_line' id='line_1_3' title="bbox 97 631 1172 747; baseline -0.014 -35"><span class='ocrx_word' id='word_1_11' title='bbox 97 639 140 712; x_wconf 87' lang='lat' dir='ltr'>di</span> <span class='ocrx_word' id='word_1_12' title='bbox 153 666 178 730; x_wconf 69' lang='lat' dir='ltr'>,j</span> <span class='ocrx_word' id='word_1_13' title='bbox 193 638 343 747; x_wconf 77' lang='lat' dir='ltr'>quspdo</span> <span class='ocrx_word' id='word_1_14' title='bbox 375 638 647 735; x_wconf 81' lang='lat' dir='ltr'>longaesunt,</span> <span class='ocrx_word' id='word_1_15' title='bbox 686 638 881 705; x_wconf 83' lang='lat' dir='ltr'>retinemus</span> <span class='ocrx_word' id='word_1_16' title='bbox 917 654 1059 702; x_wconf 85' lang='lat' dir='ltr'>morem</span> <span class='ocrx_word' id='word_1_17' title='bbox 1096 631 1172 700; x_wconf 85' lang='lat' dir='ltr'>iam</span> 
     </span>
     <span class='ocr_line' id='line_1_4' title="bbox 95 744 1266 862; baseline -0.01 -22"><span class='ocrx_word' id='word_1_18' title='bbox 95 783 287 862; x_wconf 85' lang='lat' dir='ltr'>receptum</span> <span class='ocrx_word' id='word_1_19' title='bbox 299 791 314 855; x_wconf 28' lang='lat'>:-</span> <span class='ocrx_word' id='word_1_20' title='bbox 336 783 377 837; x_wconf 86' lang='lat' dir='ltr'>vt</span> <span class='ocrx_word' id='word_1_21' title='bbox 400 770 494 838; x_wconf 87' lang='lat' dir='ltr'>inter</span> <span class='ocrx_word' id='word_1_22' title='bbox 523 767 595 836; x_wconf 92' lang='lat' dir='ltr'>duo</span> <span class='ocrx_word' id='word_1_23' title='bbox 626 766 801 861; x_wconf 86' lang='lat' dir='ltr'>punctula</span> <span class='ocrx_word' id='word_1_24' title='bbox 826 778 994 835; x_wconf 85' lang='lat' dir='ltr'>accentus</span> <span class='ocrx_word' id='word_1_25' title='bbox 1018 744 1195 848; x_wconf 76' lang='lat' dir='ltr'>aculus,</span> <span class='ocrx_word' id='word_1_26' title='bbox 1258 828 1266 855; x_wconf 63' lang='grc'><strong><em>,</em></strong></span> 
     </span>
     <span class='ocr_line' id='line_1_5' title="bbox 97 866 1138 993; baseline -0.007 -26"><span class='ocrx_word' id='word_1_27' title='bbox 97 866 246 993; x_wconf 80' lang='lat' dir='ltr'>signum</span> <span class='ocrx_word' id='word_1_28' title='bbox 270 893 527 987; x_wconf 66' lang='lat' dir='ltr'>producendae</span> <span class='ocrx_word' id='word_1_29' title='bbox 554 894 717 975; x_wconf 83' lang='lat' dir='ltr'>vocalis,</span> <span class='ocrx_word' id='word_1_30' title='bbox 743 897 995 977; x_wconf 84' lang='lat' dir='ltr'>interseratur,</span> <span class='ocrx_word' id='word_1_31' title='bbox 1029 893 1076 977; x_wconf 77' lang='grc' dir='ltr'>ὃ,</span> <span class='ocrx_word' id='word_1_32' title='bbox 1100 893 1138 960; x_wconf 80' lang='lat' dir='ltr'>il.</span> 
     </span>
    </p>
   </div>
   <div class='ocr_carea' id='block_1_3' title="bbox 94 998 1236 1257">
    <p class='ocr_par' dir='ltr' id='par_1_3' title="bbox 94 998 1236 1257">
     <span class='ocr_line' id='line_1_6' title="bbox 176 998 1183 1119; baseline -0.009 -26"><span class='ocrx_word' id='word_1_33' title='bbox 176 1023 367 1114; x_wconf 78' lang='lat' dir='ltr'>&#39;Quidam</span> <span class='ocrx_word' id='word_1_34' title='bbox 398 1023 510 1095; x_wconf 88' lang='lat' dir='ltr'>hodie</span> <span class='ocrx_word' id='word_1_35' title='bbox 535 1047 672 1119; x_wconf 84' lang='lat' dir='ltr'>magno</span> <span class='ocrx_word' id='word_1_36' title='bbox 701 1037 832 1093; x_wconf 85' lang='lat' dir='ltr'>conatu</span> <span class='ocrx_word' id='word_1_37' title='bbox 860 1021 953 1093; x_wconf 88' lang='lat' dir='ltr'>hanc</span> <span class='ocrx_word' id='word_1_38' title='bbox 974 998 1183 1089; x_wconf 74' lang='lat' dir='ltr'>obtrudunt</span> 
     </span>
     <span class='ocr_line' id='line_1_7' title="bbox 94 1145 1236 1257; baseline -0.004 -41"><span class='ocrx_word' id='word_1_39' title='bbox 94 1146 243 1243; x_wconf 77' lang='lat' dir='ltr'>legem:</span> <span class='ocrx_word' id='word_1_40' title='bbox 271 1163 312 1217; x_wconf 89' lang='lat' dir='ltr'>vt</span> <span class='ocrx_word' id='word_1_41' title='bbox 335 1147 463 1219; x_wconf 87' lang='lat' dir='ltr'>breues</span> <span class='ocrx_word' id='word_1_42' title='bbox 487 1146 557 1218; x_wconf 79' lang='lat' dir='ltr'>hae</span> <span class='ocrx_word' id='word_1_43' title='bbox 583 1150 731 1220; x_wconf 81' lang='lat' dir='ltr'>vocales</span> <span class='ocrx_word' id='word_1_44' title='bbox 752 1145 893 1217; x_wconf 90' lang='lat' dir='ltr'>duobus</span> <span class='ocrx_word' id='word_1_45' title='bbox 912 1145 1096 1242; x_wconf 89' lang='lat' dir='ltr'>punctulis</span> <span class='ocrx_word' id='word_1_46' title='bbox 1111 1166 1176 1212; x_wconf 90' lang='lat' dir='ltr'>no·</span> <span class='ocrx_word' id='word_1_47' title='bbox 1229 1237 1236 1257; x_wconf 37' lang='lat'><em>&#39;</em></span> 
     </span>
    </p>
   </div>
   <div class='ocr_carea' id='block_1_4' title="bbox 11 1255 1340 4345">
    <p class='ocr_par' dir='ltr' id='par_1_4' title="bbox 81 1255 1287 1756">
     <span class='ocr_line' id='line_1_8' title="bbox 81 1255 1287 1374; baseline -0.003 -30"><span class='ocrx_word' id='word_1_48' title='bbox 81 1280 221 1358; x_wconf 59' lang='lat' dir='ltr'>tatae,</span> <span class='ocrx_word' id='word_1_49' title='bbox 249 1286 297 1367; x_wconf 82' lang='grc' dir='ltr'>ὃ,</span> <span class='ocrx_word' id='word_1_50' title='bbox 322 1292 370 1363; x_wconf 77' lang='lat' dir='ltr'>tt,</span> <span class='ocrx_word' id='word_1_51' title='bbox 407 1277 556 1373; x_wconf 84' lang='lat' dir='ltr'>quando</span> <span class='ocrx_word' id='word_1_52' title='bbox 589 1279 723 1374; x_wconf 79' lang='lat' dir='ltr'>longae</span> <span class='ocrx_word' id='word_1_53' title='bbox 754 1291 860 1361; x_wconf 93' lang='lat' dir='ltr'>sunt,</span> <span class='ocrx_word' id='word_1_54' title='bbox 894 1298 960 1368; x_wconf 87' lang='lat' dir='ltr'>pro</span> <span class='ocrx_word' id='word_1_55' title='bbox 991 1264 1203 1367; x_wconf 83' lang='lat' dir='ltr'>punctulis¹</span> <span class='ocrx_word' id='word_1_56' title='bbox 1276 1255 1287 1283; x_wconf 65' lang='lat'><strong><em>⁹</em></strong></span> 
     </span>
     <span class='ocr_line' id='line_1_9' title="bbox 92 1401 1177 1521; baseline -0.005 -48"><span class='ocrx_word' id='word_1_57' title='bbox 92 1402 255 1521; x_wconf 64' lang='lat' dir='ltr'>totidem</span> <span class='ocrx_word' id='word_1_58' title='bbox 285 1421 455 1474; x_wconf 85' lang='lat' dir='ltr'>accentus</span> <span class='ocrx_word' id='word_1_59' title='bbox 484 1408 689 1500; x_wconf 74' lang='lat' dir='ltr'>accipiant,</span> <span class='ocrx_word' id='word_1_60' title='bbox 719 1411 760 1492; x_wconf 78' lang='grc' dir='ltr'>ὅ,</span> <span class='ocrx_word' id='word_1_61' title='bbox 786 1407 824 1479; x_wconf 79' lang='lat' dir='ltr'>r&#39;l.</span> <span class='ocrx_word' id='word_1_62' title='bbox 881 1402 1063 1472; x_wconf 86' lang='lat' dir='ltr'>Molestus</span> <span class='ocrx_word' id='word_1_63' title='bbox 1090 1401 1177 1497; x_wconf 82' lang='lat' dir='ltr'>ipsis</span> 
     </span>
     <span class='ocr_line' id='line_1_10' title="bbox 96 1526 1177 1631; baseline -0.003 -30"><span class='ocrx_word' id='word_1_64' title='bbox 96 1529 207 1601; x_wconf 81' lang='lat' dir='ltr'>labor</span> <span class='ocrx_word' id='word_1_65' title='bbox 231 1548 284 1603; x_wconf 88' lang='lat' dir='ltr'>est</span> <span class='ocrx_word' id='word_1_66' title='bbox 310 1533 384 1602; x_wconf 90' lang='lat' dir='ltr'>duo</span> <span class='ocrx_word' id='word_1_67' title='bbox 418 1532 589 1627; x_wconf 83' lang='lat' dir='ltr'>punctula</span> <span class='ocrx_word' id='word_1_68' title='bbox 621 1533 801 1631; x_wconf 68' lang='lat' dir='ltr'>⁸formate,</span> <span class='ocrx_word' id='word_1_69' title='bbox 841 1554 923 1604; x_wconf 87' lang='lat' dir='ltr'>curn</span> <span class='ocrx_word' id='word_1_70' title='bbox 956 1526 1177 1600; x_wconf 85' lang='lat' dir='ltr'>intermedio</span> 
     </span>
     <span class='ocr_line' id='line_1_11' title="bbox 99 1650 1114 1756; baseline -0.004 -28"><span class='ocrx_word' id='word_1_71' title='bbox 99 1673 278 1732; x_wconf 81' lang='lat' dir='ltr'>accentu:</span> <span class='ocrx_word' id='word_1_72' title='bbox 307 1657 370 1728; x_wconf 84' lang='lat' dir='ltr'>vix</span> <span class='ocrx_word' id='word_1_73' title='bbox 394 1661 507 1729; x_wconf 87' lang='lat' dir='ltr'>vllam</span> <span class='ocrx_word' id='word_1_74' title='bbox 536 1677 727 1756; x_wconf 87' lang='lat' dir='ltr'>praeterea</span> <span class='ocrx_word' id='word_1_75' title='bbox 756 1658 897 1729; x_wconf 85' lang='lat' dir='ltr'>addunt</span> <span class='ocrx_word' id='word_1_76' title='bbox 918 1650 1114 1735; x_wconf 86' lang='lat' dir='ltr'>rationem.</span> 
     </span>
    </p>

    <p class='ocr_par' dir='ltr' id='par_1_5' title="bbox 83 1785 1251 2659">
     <span class='ocr_line' id='line_1_12' title="bbox 202 1785 1175 1884; baseline 0 -28"><span class='ocrx_word' id='word_1_77' title='bbox 202 1787 242 1856; x_wconf 92' lang='lat' dir='ltr'>Iu</span> <span class='ocrx_word' id='word_1_78' title='bbox 268 1785 321 1856; x_wconf 88' lang='lat' dir='ltr'>his</span> <span class='ocrx_word' id='word_1_79' title='bbox 344 1789 559 1879; x_wconf 84' lang='lat' dir='ltr'>vocalibus,</span> <span class='ocrx_word' id='word_1_80' title='bbox 583 1802 629 1872; x_wconf 83' lang='grc' dir='ltr'>ὃ,</span> <span class='ocrx_word' id='word_1_81' title='bbox 653 1807 690 1860; x_wconf 90' lang='lat' dir='ltr'>et</span> <span class='ocrx_word' id='word_1_82' title='bbox 706 1806 731 1862; x_wconf 71' lang='lat'>1‘2</span> <span class='ocrx_word' id='word_1_83' title='bbox 743 1837 756 1871; x_wconf 91' lang='lat'>,</span> <span class='ocrx_word' id='word_1_84' title='bbox 782 1789 955 1884; x_wconf 77' lang='lat' dir='ltr'>punctulo</span> <span class='ocrx_word' id='word_1_85' title='bbox 977 1786 1175 1882; x_wconf 84' lang='lat' dir='ltr'>superscri-</span> 
     </span>
     <span class='ocr_line' id='line_1_13' title="bbox 99 1912 1177 2044; baseline -0.002 -58"><span class='ocrx_word' id='word_1_86' title='bbox 99 1912 168 2012; x_wconf 74' lang='lat' dir='ltr'>pt⁸a</span> <span class='ocrx_word' id='word_1_87' title='bbox 191 1933 274 1988; x_wconf 90' lang='lat' dir='ltr'>sunt</span> <span class='ocrx_word' id='word_1_88' title='bbox 288 1921 390 2012; x_wconf 85' lang='lat' dir='ltr'>signa</span> <span class='ocrx_word' id='word_1_89' title='bbox 407 1922 488 1992; x_wconf 83' lang='lat' dir='ltr'>soni</span> <span class='ocrx_word' id='word_1_90' title='bbox 509 1919 718 2012; x_wconf 82' lang='lat' dir='ltr'>peculiaris.</span> <span class='ocrx_word' id='word_1_91' title='bbox 747 1916 827 2044; x_wconf 56' lang='lat' dir='ltr'>llas</span> <span class='ocrx_word' id='word_1_92' title='bbox 851 1918 963 2010; x_wconf 82' lang='lat' dir='ltr'>figura</span> <span class='ocrx_word' id='word_1_93' title='bbox 985 1932 1067 1986; x_wconf 87' lang='lat' dir='ltr'>sunt</span> <span class='ocrx_word' id='word_1_94' title='bbox 1087 1919 1177 1985; x_wconf 83' lang='lat' dir='ltr'>istae</span> 
     </span>
     <span class='ocr_line' id='line_1_14' title="bbox 103 2022 1178 2140; baseline -0.005 -24"><span class='ocrx_word' id='word_1_95' title='bbox 103 2022 232 2116; x_wconf 86' lang='lat' dir='ltr'>breues</span> <span class='ocrx_word' id='word_1_96' title='bbox 254 2045 373 2116; x_wconf 89' lang='lat' dir='ltr'>adhuc</span> <span class='ocrx_word' id='word_1_97' title='bbox 392 2048 555 2119; x_wconf 78' lang='lat' dir='ltr'>vocales.</span> <span class='ocrx_word' id='word_1_98' title='bbox 583 2050 766 2118; x_wconf 84' lang='lat' dir='ltr'>Accentus</span> <span class='ocrx_word' id='word_1_99' title='bbox 792 2061 938 2131; x_wconf 83' lang='lat' dir='ltr'>acutus,</span> <span class='ocrx_word' id='word_1_100' title='bbox 954 2032 1178 2140; x_wconf 54' lang='lat' dir='ltr'>signum&#39;so-</span> 
     </span>
     <span class='ocr_line' id='line_1_15' title="bbox 83 2148 1245 2270; baseline -0.003 -26"><span class='ocrx_word' id='word_1_101' title='bbox 83 2176 142 2259; x_wconf 47' lang='lat' dir='ltr'>,ni</span> <span class='ocrx_word' id='word_1_102' title='bbox 165 2148 411 2268; x_wconf 90' lang='lat' dir='ltr'>producendi,</span> <span class='ocrx_word' id='word_1_103' title='bbox 436 2175 583 2270; x_wconf 89' lang='lat' dir='ltr'>reliquis</span> <span class='ocrx_word' id='word_1_104' title='bbox 603 2175 792 2246; x_wconf 84' lang='lat' dir='ltr'>vocalibus</span> <span class='ocrx_word' id='word_1_105' title='bbox 819 2174 986 2244; x_wconf 88' lang='lat' dir='ltr'>breuibus</span> <span class='ocrx_word' id='word_1_106' title='bbox 1002 2197 1084 2243; x_wconf 90' lang='lat' dir='ltr'>cum</span> <span class='ocrx_word' id='word_1_107' title='bbox 1102 2172 1180 2242; x_wconf 82' lang='lat' dir='ltr'>vni·</span> <span class='ocrx_word' id='word_1_108' title='bbox 1241 2262 1245 2269; x_wconf 30' lang='grc' dir='ltr'>Ι</span> 
     </span>
     <span class='ocr_line' id='line_1_16' title="bbox 102 2286 1251 2402; baseline -0.003 -28"><span class='ocrx_word' id='word_1_109' title='bbox 102 2328 165 2374; x_wconf 86' lang='lat' dir='ltr'>cus</span> <span class='ocrx_word' id='word_1_110' title='bbox 190 2305 423 2392; x_wconf 78' lang='lat' dir='ltr'><strong>inscribatur,</strong></span> <span class='ocrx_word' id='word_1_111' title='bbox 453 2320 495 2375; x_wconf 86' lang='lat' dir='ltr'>vt</span> <span class='ocrx_word' id='word_1_112' title='bbox 516 2306 650 2402; x_wconf 84' lang='lat' dir='ltr'>longae</span> <span class='ocrx_word' id='word_1_113' title='bbox 676 2307 770 2391; x_wconf 85' lang='lat' dir='ltr'>sint3</span> <span class='ocrx_word' id='word_1_114' title='bbox 800 2318 922 2375; x_wconf 88' lang='lat' dir='ltr'>curet</span> <span class='ocrx_word' id='word_1_115' title='bbox 947 2301 985 2374; x_wconf 91' lang='lat' dir='ltr'>in</span> <span class='ocrx_word' id='word_1_116' title='bbox 1011 2307 1088 2372; x_wconf 87' lang='lat' dir='ltr'>istis</span> <span class='ocrx_word' id='word_1_117' title='bbox 1111 2325 1177 2398; x_wconf 85' lang='lat' dir='ltr'>pe·</span> <span class='ocrx_word' id='word_1_118' title='bbox 1248 2286 1251 2293; x_wconf 40' lang='lat'><strong>¹</strong></span> 
     </span>
     <span class='ocr_line' id='line_1_17' title="bbox 104 2431 1205 2530; baseline -0.003 -28"><span class='ocrx_word' id='word_1_119' title='bbox 104 2432 298 2502; x_wconf 84' lang='lat' dir='ltr'>culiaribus</span> <span class='ocrx_word' id='word_1_120' title='bbox 317 2458 391 2502; x_wconf 90' lang='lat' dir='ltr'>non</span> <span class='ocrx_word' id='word_1_121' title='bbox 414 2432 544 2504; x_wconf 82' lang='lat' dir='ltr'>endem</span> <span class='ocrx_word' id='word_1_122' title='bbox 566 2432 728 2504; x_wconf 85' lang='lat' dir='ltr'>seruetur</span> <span class='ocrx_word' id='word_1_123' title='bbox 747 2431 1018 2530; x_wconf 79' lang='lat' dir='ltr'><strong>aequabilitas?</strong></span> <span class='ocrx_word' id='word_1_124' title='bbox 1044 2433 1176 2504; x_wconf 88' lang='lat' dir='ltr'>Tanti·</span> <span class='ocrx_word' id='word_1_125' title='bbox 1201 2472 1205 2483; x_wconf 56' lang='grc' dir='ltr'><em>ι</em></span> 
     </span>
     <span class='ocr_line' id='line_1_18' title="bbox 104 2560 1179 2659; baseline -0.005 -26"><span class='ocrx_word' id='word_1_126' title='bbox 104 2586 154 2633; x_wconf 91' lang='lat' dir='ltr'>ne</span> <span class='ocrx_word' id='word_1_127' title='bbox 181 2580 236 2631; x_wconf 89' lang='lat' dir='ltr'>est</span> <span class='ocrx_word' id='word_1_128' title='bbox 265 2564 441 2632; x_wconf 87' lang='lat' dir='ltr'>leuissimi</span> <span class='ocrx_word' id='word_1_129' title='bbox 471 2561 605 2633; x_wconf 86' lang='lat' dir='ltr'>laboris</span> <span class='ocrx_word' id='word_1_130' title='bbox 632 2560 739 2659; x_wconf 83' lang='lat' dir='ltr'>fuga,</span> <span class='ocrx_word' id='word_1_131' title='bbox 778 2567 848 2633; x_wconf 86' lang='lat' dir='ltr'>ista</span> <span class='ocrx_word' id='word_1_132' title='bbox 882 2563 1109 2658; x_wconf 87' lang='lat' dir='ltr'>quorundam</span> <span class='ocrx_word' id='word_1_133' title='bbox 1143 2563 1179 2629; x_wconf 91' lang='lat' dir='ltr'>in</span> 
     </span>
    </p>

    <p class='ocr_par' dir='ltr' id='par_1_6' title="bbox 24 2676 1179 2786">
     <span class='ocr_line' id='line_1_19' title="bbox 24 2676 1179 2786; baseline -0.001 -26"><span class='ocrx_word' id='word_1_134' title='bbox 24 2762 29 2769; x_wconf 72' lang='grc'><strong>,</strong></span> <span class='ocrx_word' id='word_1_135' title='bbox 107 2676 298 2761; x_wconf 81' lang='lat' dir='ltr'>scriben&#39;do</span> <span class='ocrx_word' id='word_1_136' title='bbox 322 2690 497 2786; x_wconf 77' lang='lat' dir='ltr'>pigritia?</span> <span class='ocrx_word' id='word_1_137' title='bbox 523 2689 572 2761; x_wconf 84' lang='lat' dir='ltr'>Et</span> <span class='ocrx_word' id='word_1_138' title='bbox 593 2693 623 2760; x_wconf 90' lang='lat' dir='ltr'>si</span> <span class='ocrx_word' id='word_1_139' title='bbox 637 2696 705 2786; x_wconf 90' lang='lat' dir='ltr'>ipsi</span> <span class='ocrx_word' id='word_1_140' title='bbox 725 2707 918 2786; x_wconf 82' lang='lat' dir='ltr'>propterea</span> <span class='ocrx_word' id='word_1_141' title='bbox 938 2691 1179 2761; x_wconf 86' lang='lat' dir='ltr'>sicscribunt:</span> 
     </span>
    </p>

    <p class='ocr_par' dir='ltr' id='par_1_7' title="bbox 14 2816 1209 2912">
     <span class='ocr_line' id='line_1_20' title="bbox 14 2816 1209 2912; baseline -0.002 -25"><span class='ocrx_word' id='word_1_142' title='bbox 14 2844 17 2851; x_wconf 64' lang='lat'><em>¹</em></span> <span class='ocrx_word' id='word_1_143' title='bbox 106 2816 225 2888; x_wconf 88' lang='lat' dir='ltr'>nolint</span> <span class='ocrx_word' id='word_1_144' title='bbox 255 2843 318 2887; x_wconf 83' lang='lat' dir='ltr'>sua</span> <span class='ocrx_word' id='word_1_145' title='bbox 351 2841 476 2888; x_wconf 81' lang='lat' dir='ltr'><strong>caussa</strong></span> <span class='ocrx_word' id='word_1_146' title='bbox 502 2833 539 2888; x_wconf 89' lang='lat' dir='ltr'>et</span> <span class='ocrx_word' id='word_1_147' title='bbox 566 2833 695 2912; x_wconf 82' lang='lat' dir='ltr'>typum</span> <span class='ocrx_word' id='word_1_148' title='bbox 721 2819 933 2891; x_wconf 81' lang='lat' dir='ltr'>deformari.</span> <span class='ocrx_word' id='word_1_149' title='bbox 975 2817 1209 2887; x_wconf 87' lang='lat' dir='ltr'>Literarum&#39;</span> 
     </span>
    </p>

    <p class='ocr_par' dir='ltr' id='par_1_8' title="bbox 11 2946 1268 3296">
     <span class='ocr_line' id='line_1_21' title="bbox 11 2946 1181 3053; baseline -0.003 -37"><span class='ocrx_word' id='word_1_150' title='bbox 11 3044 20 3053; x_wconf 30' lang='grc' dir='ltr'>Ι</span> <span class='ocrx_word' id='word_1_151' title='bbox 106 2949 205 3016; x_wconf 85' lang='lat' dir='ltr'>enim</span> <span class='ocrx_word' id='word_1_152' title='bbox 230 2946 484 3017; x_wconf 83' lang='lat' dir='ltr'>collectoribus</span> <span class='ocrx_word' id='word_1_153' title='bbox 509 2950 543 3018; x_wconf 94' lang='lat' dir='ltr'>in</span> <span class='ocrx_word' id='word_1_154' title='bbox 572 2951 819 3048; x_wconf 80' lang='lat' dir='ltr'>typographia</span> <span class='ocrx_word' id='word_1_155' title='bbox 844 2950 947 3021; x_wconf 85' lang='lat' dir='ltr'>idem</span> <span class='ocrx_word' id='word_1_156' title='bbox 972 2946 1078 3016; x_wconf 85' lang='lat' dir='ltr'>labor</span> <span class='ocrx_word' id='word_1_157' title='bbox 1105 2960 1181 3032; x_wconf 88' lang='lat' dir='ltr'>est,</span> 
     </span>
     <span class='ocr_line' id='line_1_22' title="bbox 108 3077 1184 3171; baseline 0.001 -27"><span class='ocrx_word' id='word_1_158' title='bbox 108 3081 244 3171; x_wconf 83' lang='lat' dir='ltr'>pariter</span> <span class='ocrx_word' id='word_1_159' title='bbox 267 3077 403 3164; x_wconf 87' lang='lat' dir='ltr'>facilis,</span> <span class='ocrx_word' id='word_1_160' title='bbox 437 3077 536 3151; x_wconf 79' lang='lat' dir='ltr'>fusas</span> <span class='ocrx_word' id='word_1_161' title='bbox 569 3081 681 3149; x_wconf 85' lang='lat' dir='ltr'>semel</span> <span class='ocrx_word' id='word_1_162' title='bbox 713 3081 857 3163; x_wconf 81' lang='lat' dir='ltr'>literas,</span> <span class='ocrx_word' id='word_1_163' title='bbox 882 3092 920 3147; x_wconf 89' lang='lat' dir='ltr'>et</span> <span class='ocrx_word' id='word_1_164' title='bbox 942 3090 1108 3159; x_wconf 84' lang='lat' dir='ltr'>nostras,</span> <span class='ocrx_word' id='word_1_165' title='bbox 1134 3083 1184 3154; x_wconf 77' lang='grc' dir='ltr'>ὃ,</span> 
     </span>
     <span class='ocr_line' id='line_1_23' title="bbox 107 3205 1268 3296; baseline 0.001 -21"><span class='ocrx_word' id='word_1_166' title='bbox 107 3222 144 3276; x_wconf 90' lang='lat' dir='ltr'>et</span> <span class='ocrx_word' id='word_1_167' title='bbox 165 3210 209 3294; x_wconf 80' lang='lat' dir='ltr'>tl,</span> <span class='ocrx_word' id='word_1_168' title='bbox 239 3222 276 3276; x_wconf 90' lang='lat' dir='ltr'>et</span> <span class='ocrx_word' id='word_1_169' title='bbox 300 3209 379 3276; x_wconf 81' lang='lat' dir='ltr'>illas</span> <span class='ocrx_word' id='word_1_170' title='bbox 402 3208 532 3279; x_wconf 82' lang='lat' dir='ltr'>alteras</span> <span class='ocrx_word' id='word_1_171' title='bbox 559 3215 604 3288; x_wconf 82' lang='grc' dir='ltr'>ὅ,</span> <span class='ocrx_word' id='word_1_172' title='bbox 631 3224 669 3280; x_wconf 90' lang='lat' dir='ltr'>et</span> <span class='ocrx_word' id='word_1_173' title='bbox 691 3236 734 3296; x_wconf 84' lang='lat' dir='ltr'>u,</span> <span class='ocrx_word' id='word_1_174' title='bbox 764 3211 799 3277; x_wconf 91' lang='lat' dir='ltr'>in</span> <span class='ocrx_word' id='word_1_175' title='bbox 828 3209 958 3275; x_wconf 88' lang='lat' dir='ltr'>seriem</span> <span class='ocrx_word' id='word_1_176' title='bbox 989 3205 1183 3282; x_wconf 82' lang='lat' dir='ltr'>collocare.</span> <span class='ocrx_word' id='word_1_177' title='bbox 1258 3280 1268 3295; x_wconf 73' lang='lat'>,</span> 
     </span>
    </p>

    <p class='ocr_par' dir='ltr' id='par_1_9' title="bbox 209 3333 1185 3430">
     <span class='ocr_line' id='line_1_24' title="bbox 209 3333 1185 3430; baseline 0.003 -25"><span class='ocrx_word' id='word_1_178' title='bbox 209 3335 380 3430; x_wconf 82' lang='lat' dir='ltr'>Signatae</span> <span class='ocrx_word' id='word_1_179' title='bbox 412 3340 505 3406; x_wconf 84' lang='lat' dir='ltr'>istae</span> <span class='ocrx_word' id='word_1_180' title='bbox 535 3333 663 3404; x_wconf 88' lang='lat' dir='ltr'>literae</span> <span class='ocrx_word' id='word_1_181' title='bbox 695 3360 716 3403; x_wconf 86' lang='lat' dir='ltr'><strong>a</strong></span> <span class='ocrx_word' id='word_1_182' title='bbox 751 3333 855 3402; x_wconf 87' lang='lat' dir='ltr'>nobis</span> <span class='ocrx_word' id='word_1_183' title='bbox 880 3358 953 3405; x_wconf 89' lang='lat' dir='ltr'>non</span> <span class='ocrx_word' id='word_1_184' title='bbox 983 3333 1185 3409; x_wconf 82' lang='lat' dir='ltr'>obtrudun-</span> 
     </span>
    </p>

    <p class='ocr_par' dir='ltr' id='par_1_10' title="bbox 42 3450 1340 3821">
     <span class='ocr_line' id='line_1_25' title="bbox 42 3450 1338 3560; baseline 0.002 -27"><span class='ocrx_word' id='word_1_185' title='bbox 42 3480 52 3497; x_wconf 81' lang='grc'><strong>“</strong></span> <span class='ocrx_word' id='word_1_186' title='bbox 110 3478 189 3549; x_wconf 90' lang='lat' dir='ltr'>tur,</span> <span class='ocrx_word' id='word_1_187' title='bbox 219 3463 283 3532; x_wconf 90' lang='lat' dir='ltr'>sed</span> <span class='ocrx_word' id='word_1_188' title='bbox 316 3463 575 3558; x_wconf 86' lang='lat' dir='ltr'>proponuntur</span> <span class='ocrx_word' id='word_1_189' title='bbox 607 3450 941 3551; x_wconf 65' lang='lat' dir='ltr'>tantum,&#39;e0rum</span> <span class='ocrx_word' id='word_1_190' title='bbox 975 3460 1245 3560; x_wconf 60' lang='grc' dir='ltr'>ωωρτίηήεη</span> <span class='ocrx_word' id='word_1_191' title='bbox 1334 3544 1338 3551; x_wconf 93' lang='lat'>.</span> 
     </span>
     <span class='ocr_line' id='line_1_26' title="bbox 110 3570 1340 3686; baseline 0.002 -27"><span class='ocrx_word' id='word_1_192' title='bbox 110 3595 251 3686; x_wconf 84' lang='lat' dir='ltr'>gratia:</span> <span class='ocrx_word' id='word_1_193' title='bbox 283 3596 364 3685; x_wconf 87' lang='lat' dir='ltr'>qni,</span> <span class='ocrx_word' id='word_1_194' title='bbox 394 3590 521 3662; x_wconf 84' lang='lat' dir='ltr'>harum</span> <span class='ocrx_word' id='word_1_195' title='bbox 548 3596 755 3667; x_wconf 81' lang='lat' dir='ltr'>curiositate</span> <span class='ocrx_word' id='word_1_196' title='bbox 778 3592 945 3681; x_wconf 85' lang='lat' dir='ltr'>abducti,</span> <span class='ocrx_word' id='word_1_197' title='bbox 971 3594 1064 3664; x_wconf 87' lang='lat' dir='ltr'>inter</span> <span class='ocrx_word' id='word_1_198' title='bbox 1086 3570 1212 3663; x_wconf 69' lang='lat' dir='ltr'>com·l</span> <span class='ocrx_word' id='word_1_199' title='bbox 1337 3572 1340 3577; x_wconf 26' lang='lat'>⁸</span> 
     </span>
     <span class='ocr_line' id='line_1_27' title="bbox 107 3698 1292 3821; baseline -0.001 -29"><span class='ocrx_word' id='word_1_200' title='bbox 107 3725 212 3819; x_wconf 84' lang='lat' dir='ltr'>plura</span> <span class='ocrx_word' id='word_1_201' title='bbox 238 3722 411 3794; x_wconf 88' lang='lat' dir='ltr'>similium</span> <span class='ocrx_word' id='word_1_202' title='bbox 445 3698 637 3819; x_wconf 79' lang='lat' dir='ltr'>exempla,</span> <span class='ocrx_word' id='word_1_203' title='bbox 664 3729 752 3821; x_wconf 89' lang='lat' dir='ltr'>ipsis</span> <span class='ocrx_word' id='word_1_204' title='bbox 778 3724 944 3796; x_wconf 89' lang='lat' dir='ltr'>nondum</span> <span class='ocrx_word' id='word_1_205' title='bbox 968 3722 1078 3821; x_wconf 89' lang='lat' dir='ltr'>plene</span> <span class='ocrx_word' id='word_1_206' title='bbox 1101 3746 1187 3817; x_wconf 89' lang='lat' dir='ltr'>pro·</span> <span class='ocrx_word' id='word_1_207' title='bbox 1285 3736 1292 3747; x_wconf 77' lang='lat'>‘</span> 
     </span>
    </p>

    <p class='ocr_par' dir='ltr' id='par_1_11' title="bbox 15 3848 1301 4210">
     <span class='ocr_line' id='line_1_28' title="bbox 15 3848 1301 3953; baseline 0.002 -31"><span class='ocrx_word' id='word_1_208' title='bbox 15 3860 23 3885; x_wconf 83' lang='grc'><strong>“</strong></span> <span class='ocrx_word' id='word_1_209' title='bbox 108 3853 213 3938; x_wconf 89' lang='lat' dir='ltr'>bata,</span> <span class='ocrx_word' id='word_1_210' title='bbox 230 3855 318 3922; x_wconf 82' lang='lat' dir='ltr'>alias</span> <span class='ocrx_word' id='word_1_211' title='bbox 334 3868 513 3950; x_wconf 81' lang='lat' dir='ltr'>exoptant</span> <span class='ocrx_word' id='word_1_212' title='bbox 527 3854 657 3948; x_wconf 85' lang='lat' dir='ltr'>figuras</span> <span class='ocrx_word' id='word_1_213' title='bbox 672 3858 835 3952; x_wconf 80' lang='lat' dir='ltr'>aptiores</span> <span class='ocrx_word' id='word_1_214' title='bbox 846 3848 906 3944; x_wconf 61' lang='lat' dir='ltr'>,et</span> <span class='ocrx_word' id='word_1_215' title='bbox 921 3854 1186 3953; x_wconf 76' lang='lat' dir='ltr'>concinniores,</span> <span class='ocrx_word' id='word_1_216' title='bbox 1297 3912 1301 3924; x_wconf 93' lang='lat'><strong><em>.</em></strong></span> 
     </span>
     <span class='ocr_line' id='line_1_29' title="bbox 86 3981 1204 4081; baseline -0.004 -28"><span class='ocrx_word' id='word_1_217' title='bbox 86 4048 89 4053; x_wconf 88' lang='lat'>.</span> <span class='ocrx_word' id='word_1_218' title='bbox 109 3983 224 4053; x_wconf 80' lang='lat' dir='ltr'>Tales</span> <span class='ocrx_word' id='word_1_219' title='bbox 247 3989 368 4054; x_wconf 88' lang='lat' dir='ltr'>conati</span> <span class='ocrx_word' id='word_1_220' title='bbox 389 4009 513 4055; x_wconf 86' lang='lat' dir='ltr'>sumus</span> <span class='ocrx_word' id='word_1_221' title='bbox 537 3981 737 4078; x_wconf 80' lang='lat' dir='ltr'>effingere,</span> <span class='ocrx_word' id='word_1_222' title='bbox 775 4001 951 4081; x_wconf 78' lang='lat' dir='ltr'>quantum</span> <span class='ocrx_word' id='word_1_223' title='bbox 974 4006 1040 4080; x_wconf 89' lang='lat' dir='ltr'>per</span> <span class='ocrx_word' id='word_1_224' title='bbox 1060 4007 1127 4053; x_wconf 86' lang='lat' dir='ltr'>uos</span> <span class='ocrx_word' id='word_1_225' title='bbox 1147 3981 1204 4050; x_wconf 71' lang='lat' dir='ltr'>li·&#39;·</span> 
     </span>
     <span class='ocr_line' id='line_1_30' title="bbox 112 4112 1188 4210; baseline 0.001 -27"><span class='ocrx_word' id='word_1_226' title='bbox 112 4112 206 4198; x_wconf 88' lang='lat' dir='ltr'>cuit,</span> <span class='ocrx_word' id='word_1_227' title='bbox 225 4138 288 4206; x_wconf 84' lang='lat' dir='ltr'>pro</span> <span class='ocrx_word' id='word_1_228' title='bbox 304 4139 369 4182; x_wconf 85' lang='lat' dir='ltr'>vsu</span> <span class='ocrx_word' id='word_1_229' title='bbox 385 4131 564 4208; x_wconf 90' lang='lat' dir='ltr'>vtroque,</span> <span class='ocrx_word' id='word_1_230' title='bbox 588 4139 655 4208; x_wconf 93' lang='lat' dir='ltr'>pro</span> <span class='ocrx_word' id='word_1_231' title='bbox 675 4131 765 4210; x_wconf 85' lang='lat' dir='ltr'>typo</span> <span class='ocrx_word' id='word_1_232' title='bbox 783 4137 940 4208; x_wconf 87' lang='lat' dir='ltr'>nempe,</span> <span class='ocrx_word' id='word_1_233' title='bbox 962 4126 999 4183; x_wconf 91' lang='lat' dir='ltr'>et</span> <span class='ocrx_word' id='word_1_234' title='bbox 1012 4113 1188 4208; x_wconf 74' lang='lat' dir='ltr'>scriptura</span> 
     </span>
    </p>

    <p class='ocr_par' dir='ltr' id='par_1_12' title="bbox 59 4245 1188 4345">
     <span class='ocr_line' id='line_1_31' title="bbox 59 4245 1188 4345; baseline 0.004 -31"><span class='ocrx_word' id='word_1_235' title='bbox 59 4336 65 4345; x_wconf 21' lang='grc' dir='ltr'><em>ο</em></span> <span class='ocrx_word' id='word_1_236' title='bbox 113 4263 303 4340; x_wconf 84' lang='lat' dir='ltr'>currente,</span> <span class='ocrx_word' id='word_1_237' title='bbox 334 4262 460 4316; x_wconf 81' lang='lat' dir='ltr'>exacta</span> <span class='ocrx_word' id='word_1_238' title='bbox 488 4247 523 4315; x_wconf 90' lang='lat' dir='ltr'>in</span> <span class='ocrx_word' id='word_1_239' title='bbox 548 4263 709 4341; x_wconf 81' lang='lat' dir='ltr'>viroque</span> <span class='ocrx_word' id='word_1_240' title='bbox 729 4246 913 4319; x_wconf 83' lang='lat' dir='ltr'>literarum</span> <span class='ocrx_word' id='word_1_241' title='bbox 933 4245 1188 4319; x_wconf 86' lang='lat' dir='ltr'>consensione.</span> 
     </span>
    </p>
   </div>
   <div class='ocr_carea' id='block_1_5' title="bbox 1290 4400 1305 4431">
    <p class='ocr_par' dir='ltr' id='par_1_13' title="bbox 1290 4400 1305 4431">
     <span class='ocr_line' id='line_1_32' title="bbox 1290 4400 1305 4431; baseline 0 0"><span class='ocrx_word' id='word_1_242' title='bbox 1290 4400 1305 4431; x_wconf 73' lang='grc' dir='ltr'><em>Ι</em></span> 
     </span>
    </p>
   </div>
   <div class='ocr_carea' id='block_1_6' title="bbox 0 0 1368 4844">
    <p class='ocr_par' dir='ltr' id='par_1_14' title="bbox 0 0 1368 4844">
     <span class='ocr_line' id='line_1_33' title="bbox 0 0 1368 4844; baseline 0 0"><span class='ocrx_word' id='word_1_243' title='bbox 0 0 1368 4844; x_wconf 95' lang='lat' dir='ltr'> </span> 
     </span>
    </p>
   </div>
  </div>
 </body>
</html>
