2708 4844
566 296 798 356 mmm
1177 316 1234 380 41¹

243 451 495 552 Posteaquam
518 481 757 554 personarum
776 461 972 537 formellus
989 470 1041 540 sic
1055 468 1143 540 'sunt
1165 469 1219 540 di·
1310 494 1317 506 ¹

130 574 297 669 stincte3
335 587 435 657 vltro
465 589 747 661 secernebantur
774 608 812 662 et
844 596 1056 691 temporum
1090 614 1215 670 notae.
1302 638 1308 647 ·

129 711 344 787 Incensiore
371 719 614 815 inuestigandi
643 722 785 810 studio,
811 747 857 793 ex
879 726 1140 816 orientalibus,
1180 745 1217 800 et

129 846 487 940 septentrionalibus
512 851 668 920 omnino
691 851 914 946 originibus,
939 871 1134 949 putuerunt
1155 857 1216 928 de-

129 1000 241 1050 mum
255 992 291 1048 et
302 973 409 1057 ,beer
432 977 530 1048 vnde
544 980 636 1067 sint,
658 993 695 1050 et
709 979 796 1074 quid
807 981 868 1052 vel
879 950 981 1053 solae
998 984 1215 1079 significent.

240 1104 440 1179 Patuerunt
459 1104 622 1199 famulae
645 1111 681 1180 iu
701 1107 757 1181 bis
773 1112 937 1207 utrisque
955 1116 1215 1187 connectendis
1243 1138 1257 1163 ⁸

127 1234 288 1324 literae,
317 1251 354 1306 et
374 1239 478 1306 varia
497 1243 578 1309 soni
597 1241 774 1310 suauioris
795 1242 903 1310 ratio.

239 1366 366 1463 Atque
377 1361 432 1437 bis
446 1367 635 1457 omnibus,
659 1372 710 1439 ita
722 1371 758 1474 ip
777 1369 1044 1444 claram-lucem
1060 1374 1244 1469 positis‚·.
1327 1436 1333 1443 .

126 1519 211 1568 non
240 1498 364 1591 potuit
384 1513 421 1568 et
441 1500 745 1595 coniugationurn
767 1508 845 1571 tota
865 1503 959 1570 ratio
981 1524 1056 1570 non
1080 1500 1212 1572 itidem

128 1629 233 1699 clara
256 1626 437 1716 euadere,
456 1644 492 1700 et
513 1627 746 1716 certioribus,
771 1652 883 1724 quam
905 1645 1035 1718 antea,
1060 1633 1211 1703 circumo

127 1758 243 1832 scribi
266 1760 412 1856 regulis.

239 1886 282 1958 ll.
311 1883 454 1960 Eadem
483 1912 595 1988 porro
624 1895 848 1988 pronomina
880 1891 1110 1989 personalia,
1139 1886 1211 1962 boc

128 2019 259 2093 studio
282 2020 499 2099 luculentius
528 2021 698 2106 euoluta,
728 2017 843 2090 etiam
867 2017 1078 2093 nominibus
1100 2018 1210 2088 adue·

126 2174 181 2224 xa
206 2171 311 2236 esse,
335 2148 383 2219 ad
406 2147 642 2220 indicandam
661 2148 795 2220 borum
816 2128 1112 2246 possessionem,
1128 2172 1211 2220 eae·
1295 2172 1299 2188 ·

127 2280 221 2351 clem
246 2273 477 2374 me'linguae
501 2294 743 2366 monuerunt,
767 2277 922 2352 caedem
936 2277 984 2352 de
1005 2276 1061 2349 his
1080 2279 1211 2350 rectio·
1254 2344 1257 2351 .

128 2434 175 2482 ra
196 2433 258 2480 me
281 2408 495 2480 docuerunt.
1221 2371 1231 2408 Ι

236 2536 484 2628 Pronomina‚
499 2537 733 2622 nominibus,
750 2563 814 2610 seu
828 2537 932 2610 rebus
951 2535 1128 2635 possessis
1148 2526 1213 2607 a'd·

127 2671 345 2758 haerentia,
372 2672 451 2766 ipsa
474 2686 602 2741 nature
622 2692 688 2740 sua
710 2693 962 2765 possessorum
984 2684 1068 2740 sunt
1087 2668 1209 2740 relati·
1255 2724 1258 2731 .

127 2825 200 2889 ua,
222 2803 259 2875 in
283 2823 440 2899 quorum
463 2813 596 2894 vtpote
613 2799 737 2872 locum
757 2798 1040 2872 substituuntur:
1069 2813 1209 2869 etcum
1297 2770 1308 2791 ¹

128 2929 189 3043 his
207 2934 356 3028 vtique,
379 2933 415 3002 in
436 2956 592 3029 quorum
613 2948 696 3004 sunt
716 2933 823 3022 loco,
841 2955 1010 3029 quaeque
1026 2928 1209 3017 referunt,

128 3084 289 3134 numero
318 3061 537 3147 concordare
566 3061 717 3136 debent.
766 3060 808 3134 In
840 3058 908 3134 bac
937 3060 1209 3154 compositione

130 3185 330 3260 distinctor
355 3210 435 3260 esse
459 3210 653 3276 numeros,
677 3189 768 3260 alios
790 3208 911 3257 rerum
931 3205 1206 3280 possessarum,

130 3321 230 3392 alios
252 3323 416 3416 ipsorum
440 3340 719 3415 possessorum,
748 3317 847 3387 vltro
873 3313 1111 3412 intelligitur;
1141 3316 1207 3391 sed

128 3447 202 3522 hos
232 3449 364 3522 eadem
385 3472 470 3520 mea
494 3447 586 3519 haec
612 3445 833 3526 adminicula
859 3444 1061 3524 distinctius
1090 3468 1206 3517 secer·
1308 3422 1313 3433 ¹

127 3596 243 3669 nunt,
258 3581 490 3676 solliciteque
509 3594 658 3664 cauent3
686 3604 733 3650 ne
752 3579 856 3652 alteri
872 3601 961 3681 &curn
982 3578 1104 3649 alteris
1121 3575 1229 3663 con-sp
1295 3654 1298 3661 ,

126 3710 344 3792 fundantur.

234 3833 299 3910 His
320 3840 486 3912 innititur
507 3855 544 3913 et
566 3863 650 3912 mea
673 3837 809 3914 melior
830 3839 877 3910 dc
898 3837 1114 3934 possessiuis
1135 3826 1203 3904 do-

127 3972 248 4045 ctrina
263 3973 310 4044 ad
328 3971 534 4043 tollendum
546 3971 777 4070 frequentem
788 3970 892 4044 illum
905 3969 1078 4055 abusum,
1094 3988 1205 4064 quern

126 4103 210 4172 iarn
231 4122 340 4197 snpra
357 4099 516 4174 breuiter
535 4090 718 4192 indicaui,
732 4122 916 4202 quemque
936 4099 1019 4171 loco
1034 4119 1101 4168 suo
1115 4094 1206 4170 vbe·
1256 4122 1262 4133 ’

102 4202 206 4307 'rius
231 4252 393 4335 expono,
490 4270 497 4275 -
1037 4214 1048 4245 ‘
