2708 4844
126 362 130 368 a
186 308 254 401 450‘
343 312 666 382 erruorooraa
686 315 727 415 n.
739 317 768 383 1.
784 314 901 433 sacr.
914 315 958 381 11.
970 316 1139 384 cautu.
1191 375 1197 385 .
1255 308 1261 315 '

190 487 315 561 sertim
338 510 420 558 cum
444 512 581 559 nomen
601 489 873 584 possessum-in
902 489 1073 560 vocalem
1103 488 1265 576 desinit3

191 592 254 691 vel
282 643 328 698 e,
366 631 430 688 aut
451 641 476 686 a
502 617 624 690 vocali
650 619 683 688 ei
708 616 927 713 praemissa,
957 632 1000 689 vt
1022 621 1069 688 sit
1092 618 1269 715 termina-

113 780 116 787 ·
191 751 245 819 tio
270 750 307 816 in
335 747 394 834 ei,
426 743 582 836 velut,
609 768 704 842 quae
735 761 836 845 amat
865 770 977 841 saepe
1012 748 1125 820 etiam
1157 770 1224 844 per
1243 750 1268 842 j

193 873 441 971 euphonicum
462 875 652 973 connecti,
681 887 767 970 post
791 871 987 945 nonnullas
1011 895 1193 953 consonas
1215 871 1265 944 ab

195 1002 302 1077 huius
321 1004 496 1075 societate
516 1026 591 1073 non
613 1002 765 1104 alienas.

198 1246 202 1253 -
289 1209 330 1275 o.
554 1196 750 1271 ouuvrrva
770 1201 909 1268 narro
1223 1290 1226 1295 Ι

315 1292 471 1411 srrrxa
489 1340 759 1426 raonourm
780 1340 873 1404 svn
896 1341 1144 1421 uourruuvs

549 1476 888 1563 couvacrnvur.
972 1502 975 1507 ·

198 1624 201 1631 Ι
293 1649 420 1725 Affixa
438 1654 681 1746 pronomina,
710 1665 754 1722 vt
774 1652 958 1737 vidimus,
976 1647 1117 1744 singula
1141 1671 1164 1718 a
1197 1671 1271 1722 vo-

195 1778 264 1854 cali
284 1780 520 1869 inchoantia,
535 1804 627 1861 cum
646 1779 887 1881 adnectuntur
899 1775 1109 1851 nominibus
1125 1780 1161 1849 in
1177 1799 1269 1849 con·
1329 1870 1348 1885 ,-

196 1937 326 1988 sonam
358 1914 628 2003 desinentibus,
662 1906 821 1986 retinent
851 1885 1000 1987 vocalei
1030 1934 1139 1996 suas;
1177 1913 1265 2002 sed,

159 2042 163 2053 ’
196 2043 385 2143 euphonia
402 2042 805 2131 suadente,nominum
826 2037 950 2116 tamen
969 2041 1159 2130 vocalibus
1180 2067 1268 2114 con·

195 2159 699 2275 gruenteraecommodatas.
725 2172 854 2244 Affixa
873 2188 1063 2268 praeterea
1084 2195 1267 2270 personae

195 2305 345 2388 tertiae,
379 2316 416 2371 et
444 2303 661 2395 singularia,
695 2314 733 2372 et
763 2300 937 2392 pluralia,
957 2310 982 2394 j
1010 2326 1116 2371 suum
1140 2274 1266 2396 primi·

194 2434 368 2532 genium,
395 2427 440 2496 de
469 2452 493 2497 u
523 2440 673 2512 natum,
698 2425 914 2495 resuscitant
949 2442 1037 2521 post
1069 2429 1267 2501 nonnullas

197 2571 458 2640 consonantes,
492 2552 538 2623 ab
569 2553 676 2625 huius
701 2556 885 2625 consortio
913 2579 988 2626 non
1015 2552 1266 2630 abhorrentes.

194 2682 342 2755 Deinde
375 2682 528 2754 affixum
560 2682 741 2755 secundae
771 2682 920 2776 pluralis
948 2707 1153 2778 personae,
1178 2688 1267 2783 quin

196 2811 320 2883 durior
338 2816 384 2882 sit
407 2813 687 2910 pronunciatio,
710 2814 872 2908 priorem
888 2813 1056 2884 vocalem
1072 2837 1175 2886 suam
1187 2840 1267 2888 sae·

174 2945 416 3039 permittit.

303 3071 397 3143 Cum
420 3070 508 3143 vero
542 3070 654 3145 affixa
679 3072 811 3144 eadem
841 3073 1048 3180 nominibus
1074 3078 1271 3174 iunguntur

196 3202 234 3272 in
259 3202 435 3273 vocalem
456 3202 699 3283 exeuntibus,
730 3201 879 3275 vocales
904 3226 1014 3289 suas,
1037 3220 1182 3301 praeter
1200 3230 1268 3294 ea,

73 3386 77 3397 .
196 3340 293 3429 'quae
326 3336 457 3405 tertiae
492 3350 576 3405 sunt
607 3355 815 3424 personae,
851 3334 1042 3415 nominum
1078 3334 1266 3405 vocalibus

196 3463 503 3545 accommodant,
526 3480 683 3552 cumque
706 3460 748 3529 iis
770 3462 807 3531 iu
830 3482 944 3531 vnam
958 3450 1169 3565 plerumque
1183 3460 1264 3528 lon·

195 3608 285 3686 gam
310 3586 410 3656 abire
438 3601 585 3682 cogunt.
626 3587 751 3659 Affixa
782 3613 871 3660 vero
903 3592 1031 3662 tertiae
1060 3612 1266 3685 personae,
1293 3607 1303 3623 “

122 3786 125 3791 .
199 3714 342 3787 adiecta
359 3714 564 3786 nominibus
586 3714 775 3817 singularis
798 3723 959 3807 numeri,
981 3716 1170 3791 vocalibus
1182 3740 1268 3789 con·

81 3830 89 3843 ’
163 3928 165 3937 Ι
198 3845 368 3943 gruenter
391 3848 538 3918 mutatis
549 3900 563 3935 ,
585 3842 697 3918 etiam
713 3850 860 3941 janum
884 3851 1141 3946 primigenium
1162 3870 1270 3918 reuo-

199 3991 302 4061 cant,
331 3975 554 4071 vocalesque
585 3991 669 4046 ante
701 3994 751 4049 se·
773 3977 902 4050 breues
932 3977 1152 4074 producunt.
1194 3971 1271 4049 Sed

200 4103 333 4175 eadem
348 4105 557 4175 coniuncta
588 4128 670 4178 cum
698 4106 909 4181 nominibus
933 4105 1082 4207 pluralis
1104 4107 1270 4192 numeri,

200 4236 338 4329 pariter
368 4257 411 4310 ac
441 4234 583 4332 reliqua
609 4232 745 4335 affixa,
777 4236 931 4314 vocales
962 4257 1046 4335 suas
1077 4235 1274 4341 nominum
