2708 4844
231 347 260 424 §-
279 337 323 407 11.
342 343 381 406 A.
401 320 611 402 ORIGINES
631 318 937 394 PRONOMINVM
955 313 1077 419 PEus.
1129 330 1209 437 3711*
1301 343 1303 346 >

222 504 273 585 Et
289 512 381 586 haec
403 525 486 582 sunt
509 505 720 604 possessiua
735 497 956 597 pronomina
974 510 1117 597 nostra:
1131 512 1188 561 re·
1215 570 1220 579 ¹

86 722 92 729 ,
120 665 207 720 ueta
233 645 441 751 composita
465 637 740 737 geminatione3
776 628 882 703 sed
871 652 909 698 rn
945 641 1015 695 vsu
1045 638 1190 697 tantum
1239 725 1242 730 Ι

121 774 313 865 absoluto,
338 787 518 889 separato
519 814 533 851 ,
551 765 701 838 obiectis
725 761 903 860 possessis
924 756 1097 841 remotis,
1116 770 1202 822 nonx

122 907 352 975 continenter
372 900 571 997 expressis,
595 892 671 967 non
700 914 782 964 cum
811 885 868 959 his
901 886 1124 970 coniunctis,
1151 894 1193 951 vt

121 1032 164 1103 fit
182 1033 281 1128 apud
305 1029 483 1118 Latinos,
505 1026 670 1139 aliasque
693 1035 823 1118 gentes
844 1013 1100 1111 Europaeas.¹

229 1162 328 1254 Quia
348 1179 539 1232 numerum
562 1159 746 1230 diuersum
765 1151 926 1238 habent,
940 1173 982 1221 ac
1004 1130 1198 1245 proprium

47 1372 51 1380 ,
124 1248 217 1374 sibi,
240 1305 279 1363 et
299 1313 491 1386 possessa,
523 1304 560 1359 et
586 1286 815 1389 possidentia
838 1282 1006 1370 obiecta:
1031 1275 1128 1349 bunc
1159 1291 1197 1346 et
1293 1325 1302 1353 ,

65 1451 70 1466 ·
123 1422 205 1514 ipsa
225 1422 465 1516 pronomina,
483 1421 520 1489 in
534 1420 687 1488 istorum
706 1416 830 1508 locunt
851 1410 1067 1495 substituta,
1081 1427 1200 1500 aeque
1238 1494 1247 1509 ‚

64 1574 68 1580 ·
125 1545 316 1619 diuersum*
335 1550 542 1643 accipiunt,
575 1568 618 1615 ac
646 1542 715 1613 sibi
744 1544 963 1639 proprium,
988 1538 1129 1645 singula
1153 1534 1200 1607 ab

127 1673 217 1774 ipsis
235 1672 388 1749 obiectis
410 1675 481 1746 suis
499 1700 510 1764 ;
537 1674 750 1768 apossessis
770 1672 994 1767 pronomina
1011 1687 1205 1763 possessa,
1276 1658 1280 1667 ’
1329 1730 1339 1739 .

124 1821 148 1869 a
166 1796 442 1892 possidentibus
466 1799 691 1892 pronomina
712 1797 952 1892 possidentia.
980 1794 1019 1862 In
1040 1818 1113 1887 qua
1136 1815 1202 1860 nu·

125 1942 313 1994 merorum
345 1926 487 1995 ratione
519 1924 749 2018 quadruple'x
782 1925 936 1993 occurrit
966 1919 1203 1992 combinatio.

128 2039 218 2119 Vna
239 2070 427 2144 quaeque,
448 2050 664 2145 singillatim
685 2064 870 2144 spectata,
895 2046 1044 2144 pulchre
1062 2038 1205 2141 euoluit

130 2193 168 2246 et
182 2193 303 2248 ortum
325 2179 550 2272 singulorum
563 2181 831 2271 pronominum
847 2180 899 2246 sic
918 2180 1203 2278 geminatorurn.
1243 2167 1258 2185 ⁸

226 2322 261 2406 ι)
281 2318 554 2400 Posssssun,
575 2321 635 2385 rr
651 2302 898 2407 'Possmuns
917 2319 1175 2407 srnonnnnu.
1202 2365 1205 2403 ;

235 2432 281 2535 o)
309 2434 526 2507 Possessum
546 2461 684 2507 nomen
712 2435 916 2535 singulare,
941 2455 1111 2537 expresse
1135 2458 1204 2528 po-

11 2573 19 2596 *
132 2571 265 2655 situm,
294 2588 375 2636 cum
394 2564 606 2660 possidente
623 2564 736 2637 affixo
758 2568 983 2665 pronomine
1007 2566 1206 2660 aequesin·
1302 2564 1306 2571 '

130 2698 268 2792 gulari,
292 2711 473 2789 personae
503 2695 670 2786 primae,
695 2710 750 2765 est
772 2699 809 2765 in
837 2689 896 2767 his
925 2695 1110 2788 exemplis
1141 2716 1208 2762 no·
1297 2692 1300 2697 ’
1331 2734 1336 2747 1

131 2828 235 2898 stris:
262 2823 419 2913 dep-em,
448 2825 620 2903 Irae-om,
649 2810 902 2922 imago-meij
919 2816 1158 2896 domus-mei.

235 2952 416 3025 Possessis
443 2953 655 3028 nominibus
682 2959 883 3051 suppressis
893 3008 915 3044 ‚‚‚
936 2973 973 3026 et
1005 2957 1043 3039 in
1077 2930 1237 3023 eorum

135 3087 259 3157 iocum
285 3082 479 3155 substituto
507 3080 729 3176 pronomine
756 3098 927 3183 separato
959 3090 1028 3166 e‘n,
1062 3108 1209 3180 eoque,
1249 3168 1260 3211 ἱ

135 3219 172 3286 in
200 3190 268 3288 bac
294 3215 444 3313 quidem
470 3235 628 3309 persona
649 3213 770 3310 prima
779 3258 794 3298 ,
820 3214 932 3284 etiam
954 3215 997 3282 in·
1013 3204 1207 3309 possiden·

132 3346 178 3413 tis
200 3344 322 3444 locum
345 3346 501 3435 repetito
514 3389 528 3424 ,
554 3341 624 3411 fuit
655 3342 774 3434 prima
803 3337 1032 3439 geminatio,
1060 3349 1209 3425 en-e'ar

132 3475 170 3545 in
196 3493 266 3566 qua
278 3519 292 3553 ,
319 3473 416 3563 prius
437 3490 643 3562 pronomen
672 3469 883 3558 adiectino,
904 3476 1086 3567 posterius
1104 3476 1208 3572 ‘geni-

135 3605 212 3670 tino
236 3621 469 3694 expressum,
499 3601 657 3694 genuine
678 3597 769 3688 haec
784 3577 934 3682 reddit,
961 3622 1091 3674 meus·
1105 3607 1231 3692 meij.

134 3728 308 3799 meu-mei
321 3778 332 3811 ,
348 3734 570 3799 meum-mei.
599 3719 735 3798 Postea
744 3732 875 3820 err-en,
890 3746 1040 3800 accentu
1060 3732 1094 3799 in
1109 3736 1207 3826 prio·

135 3875 175 3925 re
198 3856 319 3926 vocali
340 3858 499 3949 amisso,
522 3871 564 3927 vt
582 3856 799 3952 plerumque
822 3857 898 3929 fieri
921 3860 1016 3930 solet
1036 3859 1209 3929 acceden-

136 3999 174 4057 te
199 3962 319 4079 aliquo
347 3986 591 4072 incremento,
618 3984 708 4057 abiit
740 3988 776 4055 in
804 3994 919 4058 enen.
959 3980 1099 4073 Porro,
1124 4005 1161 4077 et
1182 4010 1211 4060 u

58 4180 61 4184 .
135 4114 338 4209 posteriore
355 4118 392 4184 in
407 4140 444 4184 m
462 4128 625 4201 mutato,
648 4138 711 4185 ore
730 4117 944 4210 praesertim
957 4138 1091 4188 vocem
1115 4090 1220 4217 cianssx

138 4237 270 4327 dente,
298 4244 439 4315 factum
468 4259 522 4319 est
545 4247 676 4345 err-em.
702 4241 830 4319 Priore
857 4267 944 4318 vero
966 4271 1010 4333 u,
1027 4266 1210 4331 consonae

911 4375 983 4446 Aa
1012 4396 1032 4445 a
1171 4441 1174 4449 ,
