2708 4844
643 254 874 315 mmmm
1065 200 1076 239 l
1106 266 1112 279 '

325 401 506 521 Singulari
537 421 634 500 certe
662 436 813 517 naturae
842 421 1076 516 prouidentia
1107 434 1232 494 estes
1262 440 1300 495 et

223 546 304 641 hic,
332 566 375 624 vt
396 553 432 644 in
454 548 560 620 rebus
584 538 732 638 ceteris,
756 552 990 623 introducta:
1018 568 1059 623 vt
1082 557 1161 649 ipsa
1185 555 1309 651 etiam,

224 684 398 783 similium
426 704 568 754 vocum.
594 682 724 752 similis
757 684 872 766 ratio,
904 687 1012 776 copia
1038 708 1127 764 sua,
1157 653 1302 755 eticon-

225 817 357 885 stantis
383 814 659 907 pertinaciore,
694 812 977 907 quodammodo
1009 815 1134 885 taedio
1164 814 1299 902 futura,
1336 795 1341 805 ⁶

225 943 351 1039 aliqua
374 921 696 1038 dissimilitudine,
709 945 852 1038 parcius
873 939 1106 1030 intermixta,
1120 962 1218 1017 esset
1235 971 1302 1016 no·

225 1071 281 1143 bis
306 1071 508 1149 iucundior.
537 1070 585 1142 Et
611 1095 763 1143 omnem
791 1073 967 1168 quidem,
994 1076 1029 1142 in
1052 1089 1176 1146 nostra
1199 1098 1303 1170 prae-

221 1204 351 1274 rernm
367 1202 507 1300 lingua,
521 1203 716 1279 minorem*
728 1205 839 1272 istam
859 1200 1105 1298 inspeciebus
1119 1203 1306 1304 dissimili·

223 1331 412 1417 tudinem,
428 1331 489 1403 vel
503 1339 700 1426 propterea
713 1329 757 1401 ad
778 1329 1061 1402 delectationem
1086 1355 1163 1405 esse
1177 1349 1303 1440 patqt3

224 1459 325 1554 quod
347 1462 513 1555 nuspiam
535 1458 612 1531 fere
630 1483 732 1545 secus
753 1477 915 1531 occurrat
925 1447 939 1546 ‚⁸
949 1463 1018 1530 nisi
1033 1464 1114 1533 soni
1128 1446 1305 1535 suauioris

225 1588 484 1661 commendata
510 1583 653 1677 studi03
680 1594 717 1673 in
748 1612 822 1684 quo
854 1593 934 1684 ipso
957 1611 1095 1663 rursum
1122 1593 1304 1686 quaedam
1346 1572 1348 1599 ⁵

141 1716 149 1733 '
224 1734 301 1808 est,
326 1706 498 1789 inferiore
518 1717 587 1790 hac
608 1719 827 1812 partitione,
852 1702 1027 1789 similium
1044 1720 1173 1791 similis
1196 1723 1305 1792 ratio.
1345 1692 1348 1732 ³

327 1846 386 1917 lll.
414 1843 678 1942 Etymologiu,
718 1847 919 1918 secundum
960 1853 1160 1946 genuinum
1198 1853 1302 1922 vocis
1346 1824 1348 1865 ³

180 2030 207 2065 „·
227 1979 419 2063 valorem,
446 1993 501 2048 est
521 1977 707 2071 inquisitio
729 1973 771 2046 in
796 2001 931 2057 vocum
953 1981 1130 2078 origines,
1155 2001 1197 2048 ae
1217 2002 1302 2073 pro·
1346 1970 1348 1975 ⁴

223 2112 421 2204 prietates;
450 2080 632 2199 simulque
650 2105 951 2200 comprehendit,
966 2107 1300 2205 significationum,
1345 2086 1348 2130 ³

226 2261 268 2308 ac
290 2210 612 2318 terminationum,
637 2231 981 2326 adiectionumque,
1001 2251 1038 2303 et
1060 2239 1300 2330 compositio·
1345 2226 1348 2261 ³

224 2389 313 2436 num
335 2365 556 2436 discrimina.
1131 2460 1134 2467 .

202 2554 205 2560 .
324 2485 387 2564 Arl
414 2488 506 2562 haec
530 2491 736 2589 posteriora
767 2488 908 2560 attendi
939 2488 977 2560 in
1004 2490 1218 2562 definitione
1244 2517 1305 2564 su·
1325 2478 1348 2565 ,¹

221 2626 367 2718 periore
392 2617 519 2721 (Cap.
537 2620 565 2701 l.
587 2630 615 2707 S.
634 2619 748 2717 HI.);
775 2645 845 2718 qua
860 2621 1149 2722 etymologiam,
1166 2641 1210 2694 vt
1222 2648 1304 2718 par·
1343 2608 1348 2655 ²

225 2731 302 2822 tem
323 2747 618 2837 Grammaticae,
646 2751 815 2844 exposui.
851 2746 1017 2837 Eadem,
1040 2764 1082 2819 vt
1104 2746 1302 2838 Gramma·
1342 2736 1348 2781 ³

223 2881 319 2948 ticae
337 2877 399 2946 lex
417 2876 618 2974 generalis,
630 2875 690 2947 lric
712 2878 787 2971 ianr
806 2865 950 2971 plenius
964 2861 1305 2971 eratexplananda.
1342 2868 1348 2920 ἶ

313 3005 479 3079 'Clarum
500 3021 556 3077 est
568 3061 579 3094 ,
605 2978 876 3105 etymologiam
894 3004 966 3074 illis
986 3011 1176 3101 occuparis
1203 2994 1308 3103 quac·

95 3143 105 3161 ‘
203 3107 473 3226 consuetude,
497 3159 563 3233 per
586 3134 817 3230 analogiam,
845 3151 883 3204 et
903 3136 1150 3225 anomaliam,
1177 3140 1214 3206 in
1232 3160 1304 3207 vo·
1330 3136 1348 3204 l

224 3265 348 3353 cibus,
378 3263 427 3335 ad
455 3286 512 3334 res
543 3261 799 3361 significandas
826 3263 940 3333 tacito
970 3280 1079 3357 pacto
1110 3263 1302 3352 stabilitis,

223 3416 337 3489 quam
367 3393 624 3509 copiosissima
649 3390 815 3490 praebet
856 3388 1014 3464 Etcum
1036 3418 1080 3465 ca
1102 3398 1138 3464 in
1164 3418 1348 3466 vocum

226 3527 407 3622 origines,
429 3527 772 3623 proprietatesque,
799 3525 972 3620 inquirit:
990 3520 1307 3596 terminationurn
1344 3551 1348 3596 t

223 3656 374 3751 vtique,
397 3668 435 3726 ct
456 3653 728 3742 adiectionum,
752 3645 1137 3749 compositionumque
1164 3653 1305 3724 resolu·
1341 3677 1348 3747 r

166 3806 171 3831 ²
223 3785 327 3858 tione
347 3784 480 3871 vtitur,
508 3781 734 3877 simpliciora
758 3783 862 3853 altius
888 3782 1105 3880 repetendo.
1144 3781 1223 3852 Hac
1245 3804 1303 3850 se-

74 3880 79 3891 .
228 3912 600 3995 cernendi‘facultate
631 3927 687 3984 cst
718 3913 849 3984 eadem
878 3926 914 3980 et
941 3893 1201 4007 connectendi,
1227 3907 1301 3980 hoc
1340 3938 1348 3993 ι

134 4042 139 4061 ²
204 4062 305 4132 ·est,
327 4042 556 4133 inflectendi,
579 4041 793 4135 deriuandi,
810 4055 845 4112 et
863 4039 1111 4137 componendi
1127 4042 1305 4140 magistra
1326 4044 1348 4125 'q‘

214 4169 416 4271 tutissima·
670 4152 675 4160 ⁸
834 4223 842 4233 ,
953 4238 955 4243 Α
1087 4193 1103 4223 ι
1335 4196 1348 4259 q

1338 4310 1348 4385 l
