2708 4844
33 298 36 309 ·
140 293 185 363 sa
458 328 462 341 .
572 286 806 345 mamm

141 464 219 520 tate
249 450 497 523 accenduntur
526 420 693 537 iumine,
728 465 765 519 et
798 435 901 547 qua'e'
925 451 1144 547 deteguntur
1169 472 1224 521 se·

141 583 268 660 mitae.

244 710 570 794 Terminationes,
601 726 697 802 quae
722 703 881 777 vocibus
907 714 953 777 ad
981 704 1223 777 inflexionem

142 839 341 926 accedunt,
366 837 569 910 hodiernae
591 855 674 907 sunt
698 838 902 935 pleraeque
927 848 1157 926 contractae,
1184 857 1220 912 et

138 966 323 1066 piuriinae
346 993 438 1041 sono
458 969 617 1037 multum
636 981 814 1040 mutatae.
843 965 904 1038 De
918 955 1113 1041 contractis
1131 993 1223 1038 non·

138 1094 284 1184 nullae,
311 1120 385 1194 quo
409 1098 516 1167 altius
539 1099 692 1193 antiqua
712 1100 935 1191 repetimus,
962 1125 1008 1170 eo
1037 1106 1221 1172 auctiores

141 1242 378 1326 comparent,
398 1243 436 1296 et
460 1225 539 1296 rudi
565 1224 685 1297 adhuc
707 1218 934 1300 formatione
946 1252 958 1310 ;
972 1226 1118 1325 hocque
1132 1254 1221 1316 suo,

138 1371 184 1428 vt
202 1359 253 1425 ita
274 1355 417 1442 dicam,
443 1354 543 1425 cultu
562 1356 770 1451 simplices,
790 1355 946 1429 decorae
967 1373 1093 1428 tamen
1116 1379 1135 1427 a
1156 1380 1223 1428 ve·

138 1484 408 1582 tustatislege‚
432 1484 531 1555 vitro
553 1492 633 1555 sese
660 1484 922 1572 manifestant;
951 1487 1049 1558 vnde
1076 1502 1221 1556 sumtae
1256 1540 1260 1547 .

138 1617 234 1703 sint,
264 1615 352 1712 quid
383 1629 573 1711 separatae
596 1616 748 1708 proprie
770 1615 944 1705 valeant,
972 1615 1061 1715 quid
1084 1614 1220 1688 affixae

42 1756 47 1763 ’
136 1760 324 1845 praestent
353 1744 596 1815 accommoda
624 1742 904 1844 significatione
1113 1724 1117 1733 ¹

242 1874 281 1944 Si
307 1901 328 1946 a
349 1873 557 1968 primordiis
578 1863 627 1941 ad
647 1873 718 1941 ista
732 1862 888 1958 ultima,
913 1892 1009 1969 quae
1028 1863 1142 1939 hodie
1162 1874 1220 1938 vi·

137 2020 247 2107 gent,
269 2029 335 2099 per
357 2020 496 2074 aetates
518 2003 655 2072 sensim
679 2000 949 2100 regrediamur:
977 2001 1069 2069 mira
1092 1976 1129 2066 in
1154 2001 1218 2085 iis,

141 2151 179 2203 et
199 2139 343 2202 varians
366 2129 580 2200 obseruatur
601 2126 801 2226 euphonia.
840 2128 1005 2199 Namea
1027 2130 1219 2200 continen-

138 2276 197 2331 ter
217 2281 391 2353 operosa,
417 2273 460 2325 vt
483 2255 716 2350 loquentium
747 2271 851 2325 erant
879 2279 1038 2348 organa,
1070 2272 1108 2324 vt
1137 2226 1227 2328 rnos¹

136 2388 312 2473 inuoluit,
341 2407 452 2455 sonos
476 2381 619 2453 iliarum
643 2380 770 2476 aliquo
794 2383 986 2450 interiecto
1009 2383 1127 2451 modo
1154 2412 1219 2456 au-

134 2519 207 2599 xit,
232 2532 269 2585 et
289 2496 445 2586 mutauit
458 2538 469 2594 ;
499 2512 614 2583 modo
636 2510 770 2616 eodem
792 2513 984 2581 interiecto
1008 2513 1219 2600 imminuit,

136 2643 301 2739 duosque
315 2643 352 2713 in
368 2668 481 2714 vnum
496 2645 696 2712 contraxit:
718 2640 805 2710 dum
819 2638 979 2735 denique
992 2619 1116 2711 nostrai
1128 2637 1219 2714 nata

47 2761 50 2765 ’
79 2840 82 2845 ,
137 2788 193 2843 est
213 2773 480 2870 pronunciandi
504 2776 684 2852 suauitas;
714 2794 847 2866 quam,
874 2774 1139 2845 consuetudine
1159 2773 1215 2843 fir·

43 2960 64 2996 „
133 2919 297 2993 matam,
328 2919 501 2998 putamus
531 2906 725 2997 optimam.
755 2896 795 2972 Si
824 2900 915 2996 quid
939 2903 1060 2998 prisco
1089 2925 1220 2991 more,

134 3030 227 3102 olim
252 3054 369 3128 reque
391 3030 573 3117 iucundo,
608 3028 763 3127 proferri
787 3029 1002 3116 audiamus,
1023 3043 1087 3098 aut
1114 3030 1216 3129 lega-

133 3184 214 3232 mus
249 3164 342 3256 ipsi3
369 3162 431 3232 vel
449 3160 630 3233 laedimur
648 3160 767 3247 illico,
796 3160 857 3229 vei
885 3177 982 3231 certe
1010 3160 1190 3232 ridemus.

239 3287 339 3375 Sed,
354 3294 439 3384 quia
464 3292 600 3359 similia
621 3292 699 3359 sine
722 3311 847 3362 caussa
869 3293 919 3359 ita
941 3293 1032 3384 poni
1056 3291 1103 3361 ab
1123 3295 1217 3362 anti-

133 3423 276 3754 ἷκτο
301 3443 376 3491 non
398 3434 591 3512 poteraut;
607 3421 718 3494 satius
739 3435 799 3490 est
819 3442 884 3505 ea,
899 3442 960 3490 cur
979 3424 1030 3491 ita
1050 3424 1145 3501 sint,
1161 3437 1216 3493 at·

201 3566 237 3621 te
262 3552 408 3631 rimari3
436 3564 474 3620 et
509 3547 720 3623 obseruatas
744 3550 993 3620 mutationum
1014 3550 1139 3646 leges,
1169 3550 1218 3621 de

133 3683 159 3756 il
174 3672 207 3754 'is
231 3680 321 3753 olim
343 3697 420 3752 tam
441 3681 573 3764 nudis,
597 3705 639 3751 ac
659 3679 885 3766 manifestis,
910 3685 958 3753 ad
978 3683 1215 3778 explicandas

133 3835 273 3888 vocum
288 3807 509 3887 inflexiones
524 3786 739 3894 transierim
763 3837 836 3908 quo
857 3814 1006 3884 fiantet
1026 3819 1117 3884 istae
1140 3817 1215 3885 iarn

37 3969 46 3995 ν
136 3956 276 4043 certae,
290 3966 411 4037 neque
431 3940 635 4036 praebeant
654 3947 919 4038 imposterum,
934 3959 976 4012 vt
989 3959 1097 4016 antea
1109 3970 1215 4041 prae·

33 4140 36 4145 .
130 4066 313 4160 buerunt,
334 4085 414 4142 tam
432 4070 663 4169 frequentem
687 4071 828 4144 errandi
850 4073 1101 4154 occasionem,
