2708 4844
446 288 534 372 nn.
557 290 879 360 consonuimus.
1017 252 1022 277 '
1158 314 1197 378 μ
1235 316 1238 321 ·

133 488 177 535 oa
187 466 412 557 statimque
427 458 596 552 reducta
610 481 648 536 et
669 462 783 535 halitu
802 491 847 536 ex
866 489 929 537 ore
951 479 1104 565 aperto,
1118 487 1201 545 mo

137 592 188 665 do
208 592 368 737 plenius,
384 591 498 664 morlo
515 598 678 683 tenuius,
693 592 1020 689 vehementiusque
1033 613 1198 666 extruso.

237 782 265 837 l.
402 767 617 851 llETENTO
641 768 756 835 SONO
779 769 956 835 LATINO.

226 860 233 881 .
640 902 701 969 Du:

112 1042 121 1063 ·
211 1021 334 1091 ·lnter
355 1021 532 1118 linguales
562 1023 681 1114 prime
711 1034 766 1089 est
792 1020 835 1104 d,
872 1042 964 1091 sono
994 1018 1129 1114 pleno,
1156 1043 1199 1093 ne

133 1151 231 1234 leni,
260 1151 406 1244 qualem
428 1154 463 1221 in
485 1148 619 1221 Latino
645 1145 780 1231 habere,
819 1169 876 1223 ex.
896 1169 951 1251 gr.
979 1147 1113 1237 duma,
1140 1151 1198 1222 de·

134 1300 228 1365 cuo,
249 1279 394 1348 donum.

236 1404 296 1475 Fit
316 1409 393 1477 eius
414 1408 689 1501 pronunciatio,
713 1402 837 1503 lingna
862 1403 990 1476 dentes
1006 1389 1200 1477 ¹verberon-

134 1552 189 1621 ιο,
214 1558 341 1605 versus
363 1539 550 1631 gingiuam
572 1534 785 1605 inferiorem
807 1554 889 1605 sese
908 1533 1200 1624 densittente,ae
1286 1512 1290 1521 ¹

131 1662 207 1735 leni
230 1661 348 1735 halitu
367 1687 412 1734 ex
432 1688 496 1736 ore
516 1679 644 1762 aperto
668 1662 810 1760 plenius
833 1679 996 1744 extruso.
1115 1734 1118 1741 ,

228 1863 259 1910 r·
653 1840 696 1905 T.

235 1949 403 2035 Secunda
428 1968 483 2026 est
507 1967 544 2040 t,
568 1955 681 2049 priori
702 1955 731 2023 d
749 1956 892 2040 vicina,
917 1934 999 2023 curn
1024 1977 1096 2048 qua
1111 1977 1198 2026 oon·
1305 1960 1317 1975 '

130 2080 235 2160 fundi
258 2083 373 2183 solet,
405 2085 613 2187 cumprimis
637 2106 658 2153 a
683 2079 889 2169 Germanis,
938 2079 1044 2175 Clare
1074 2096 1200 2152 tamen
1294 2168 1298 2177 ι

131 2210 365 2285 differtsono
389 2214 515 2299 tenui,
541 2232 584 2283 ac
607 2209 773 2298 duriore,
800 2208 948 2307 qualem
974 2207 1036 2280 dat
1065 2211 1102 2281 in
1125 2207 1201 2281 La·
1237 2198 1270 2279 ¹.

130 2342 227 2412 rino:
262 2364 321 2415 ex.
341 2365 393 2437 gr.
422 2339 551 2432 tabes,
584 2351 713 2428 terro,
740 2345 869 2412 timor

233 2468 406 2556 Effertur,
432 2469 555 2567 lingua
577 2468 741 2538 dentium
766 2484 871 2565 septo
895 2470 1053 2557 inserta,
1078 2422 1114 2540 et
1133 2466 1198 2539 fla
1246 2516 1254 2537 ,·

128 2611 169 2668 tu
191 2601 290 2669 tenui
312 2620 379 2697 per
399 2595 465 2669 has
487 2598 672 2694 angustias
696 2597 817 2679 durius
840 2599 987 2681 emisso
1142 2602 1152 2613 '

222 2793 254 2856 3.
521 2771 792 2839 COMBINATA.

629 2907 702 2973 ΤΥ.

125 3030 133 3038 ”
231 3025 297 3103 Est
327 3028 365 3097 in
396 3023 522 3122 lingna
554 3039 678 3100 nostra
707 3025 833 3096 literae
865 3038 881 3094 t
911 3045 1003 3095 sono
1030 3024 1129 3090 tenui
1160 3036 1198 3093 et

126 3140 264 3255 suppar
285 3178 395 3231 sonus
422 3151 628 3242 emollitus,
653 3177 716 3223 sou
742 3152 969 3244 liquescens,
999 3148 1098 3220 cuins
1130 3172 1198 3221 no.

127 3298 188 3368 ta,
223 3282 268 3353 ad
294 3281 534 3357 differentiam
559 3281 749 3375 aprione,
783 3274 994 3364 combinata
1020 3276 1196 3364 sumitur,
1250 3272 1254 3277 ’

114 3410 282 3508 literay
304 3411 353 3487 ad
376 3425 394 3481 t
419 3409 579 3494 adiecta,
605 3421 667 3505 ty,
692 3421 729 3477 et
757 3401 818 3478 hic
851 3406 965 3477 instar
994 3406 1087 3500 signi
1115 3420 1206 3475 tan·

125 3555 231 3629 rum3
259 3561 333 3634 quo
355 3557 573 3609 moneamur
591 3547 632 3626 e,
649 3535 811 3618 iunctum
833 3526 919 3619 eum
929 3557 984 3630 y,
1010 3529 1171 3666 emolliri
1181 3585 1195 3621 ,

123 3687 191 3743 teu
210 3667 411 3761 liquescere
434 3680 620 3761 oportere

227 3789 332 3866 ‘Slaui
352 3793 485 3880 nostri,
510 3808 547 3866 et
564 3788 743 3882 Bohemi,
772 3789 924 3875 habe-nt,
937 3815 1056 3889 aeque
1077 3785 1199 3868 smol·-

123 3923 231 4003 lltum
254 3918 348 3996 hunc
371 3916 522 4013 r'ouurn,
545 3939 583 3998 et
603 3947 753 4021 prorsus
769 3923 824 3998 'ita
844 3916 996 3995 efferunt
1018 3933 1037 3996 t
1059 3938 1190 3996 sunm¹
1291 3956 1295 3963 ·

125 4074 284 4149 superne
308 4053 479 4127 vncinulo
500 4045 692 4145 notarum
713 4045 760 4133 lt.
782 4078 843 4129 ex.
857 4076 910 4153 gr.
932 4041 1026 4140 lde,
1041 4067 1196 4143 corpusr

32 4250 36 4257 ,
116 4170 233 4288 spol,
261 4203 440 4282 sponsus3
468 4174 584 4271 lule,
607 4182 812 4301 penicillus.

939 4305 1029 4409 E'n
