2708 4844
198 278 238 340 ss
437 276 440 285 ·
616 266 857 323 »mmmm
887 268 892 275 ·

300 398 366 503 Ill.
395 430 650 503 Adnectuntur
677 434 715 501 in
747 429 874 524 lingua
903 445 1027 537 nostra
1049 408 1277 526 prenomine
1332 498 1337 505 ,

197 558 410 665 personalia
422 585 569 657 prorsus
592 560 783 635 eademst
804 536 1147 658 postpositionibus¹
1162 563 1275 633 satio·

39 744 48 753 .
162 701 167 705 '
197 719 267 784 nc,
292 717 365 791 qna
394 695 486 787 ipsis
517 691 743 768 nominibus..

300 824 384 897 Hoc
409 849 470 894 cur
497 828 548 896 ita
576 822 662 911 fiat,
690 821 997 941 Hebraeafdocet
1022 822 1164 917 lingua.
1201 818 1277 891 He·
1321 884 1323 888 Α

83 990 84 995 ’
195 955 344 1029 braicae
365 936 503 1029 etenim
516 956 826 1049 praepositiones
847 978 980 1026 reneca.
996 955 1150 1028 nomina
1170 972 1277 1042 sunt,
1322 998 1341 1057 3

173 1110 293 1189 'quae
320 1086 566 1164 accommoda
595 1066 867 1181 significatione
899 1100 936 1155 et
968 1066 1064 1156 huno
1091 1100 1278 1181 praestant

194 1240 318 1289 vsum.
346 1215 430 1287 Hoc
461 1214 656 1286 admonitu
676 1238 784 1287 ausus
815 1237 898 1285 snm
928 1228 965 1284 et
988 1228 1131 1288 nostras
1152 1215 1277 1291 rimari
1303 1196 1308 1208 i

194 1347 509 1444 postpositiones,
548 1342 612 1414 vbi
648 1340 766 1441 patria
797 1314 933 1417 defecit
960 1344 1105 1444 lingua,
1143 1346 1277 1435 iter-um

143 1519 154 1532 ·
195 1475 388 1547 orientalia
412 1471 592 1544 adhibens
615 1472 859 1554 adminicula
897 1473 1129 1567 eandemque
1153 1473 1295 1559 essolui·

196 1622 234 1676 et
265 1604 395 1680 harum
424 1622 604 1680 naturam.
894 1602 896 1607 ’
972 1680 974 1686 ,

299 1733 452 1831 Volupe
466 1730 538 1806 hoc
555 1749 630 1822 est,
653 1747 689 1803 et
702 1728 815 1810 valde,
825 1732 938 1807 vtile:
961 1730 1083 1828 quod,
1106 1733 1275 1803 omnium

192 1864 454 1967 particularum
479 1865 519 1935 vi
548 1865 679 1936 intima
709 1862 857 1957 penitus
881 1864 1054 1959 cognita,
1079 1876 1116 1933 et
1139 1884 1276 1932 sermo·

196 1995 253 2064 nis
284 1995 433 2093 energia
463 1995 595 2072 clarior
627 2006 701 2082 est,
726 2005 764 2063 st
783 1991 1019 2065 construendi
1044 1994 1143 2068 ratic
1162 1982 1284 2088 quam'

198 2125 412 2195 certissima.

295 2251 372 2338 IV.
386 2249 579 2349 Subiungo
599 2249 781 2343 quaedam
796 2249 841 2319 de
859 2273 995 2320 vocum
1017 2276 1166 2348 quoque
1186 2275 1276 2325 vera

18 2362 47 2443 ἰ
154 2464 164 2476 .
190 2380 464 2475 significatione
482 2400 592 2472 saepe
609 2373 667 2448 his
685 2375 918 2449 adminiculis
938 2376 1081 2450 felicius
1099 2383 1273 2469 eruenda,

193 2506 255 2583 De
273 2530 427 2604 quarum
440 2530 596 2579 numero
608 2506 702 2578 tales
714 2504 911 2580 dumtaxat
924 2500 1122 2597 adducam:
1147 2511 1275 2604 quales

18 2710 20 2717 .
109 2687 112 2692 -
190 2644 230 2712 in
251 2639 387 2737 lingua
395 2653 519 2710 nostra
537 2653 724 2712 recurrunt
742 2662 817 2709 non
830 2656 992 2736 paucae,
1006 2663 1102 2711 sono
1115 2641 1274 2727 similes,

93 2744 103 2767 .

191 2770 460 2868 significatione
480 2786 607 2841 tamen
628 2769 816 2850 diuersae3
845 2784 882 2840 et
902 2767 1033 2866 quibus
1047 2771 1274 2866 explicandis
1314 2866 1319 2873 ι

67 2994 73 3001 .
179 2892 353 2975 'rationes
373 2901 547 2972 translate
572 2898 750 2995 loquendi
775 2923 851 2971 non
875 2922 1022 2995 semper
1037 2898 1234 2972 sufficiunt.
1304 2904 1313 2922 '

92 3053 96 3062 ·
207 3074 210 3083 ι
291 3037 338 3118 a)
365 3026 594 3124 Exemplum
625 3020 836 3101 huiusmodi
872 3029 920 3099 sit
953 3025 1050 3098 istud
1083 3030 1270 3122 primum:

128 3162 132 3184 ⁵
187 3159 321 3254 nyulat
341 3173 426 3246 siit,
450 3156 619 3256 leporem
640 3174 758 3240 assst;
789 3161 828 3232 el
852 3161 935 3230 suti
955 3183 1000 3231 aa
1026 3158 1182 3255 argyre,
1209 3181 1273 3229 ex-

29 3364 31 3371 ,
76 3375 78 3379 .
109 3307 110 3311 ’
186 3285 310 3384 plodit
329 3302 582 3369 tormentum
607 3292 641 3361 le
668 3289 751 3361 suti
772 3284 807 3361 u’
820 3289 1003 3388 szemeit,
1033 3287 1158 3359 deiicit
1187 3312 1273 3380 ocu·

185 3413 246 3486 los
270 3438 371 3487 suos.
398 3415 440 3487 ln
460 3411 519 3487 his
540 3418 774 3490 sententiolis
797 3415 903 3487 verbi
923 3430 1008 3507 sut,
1025 3418 1190 3489 eiusdem
1213 3442 1271 3491 so·

186 3547 227 3647 ni
237 3535 257 3635 ,⁴
273 3545 344 3616 nisi
364 3538 467 3641 quod
492 3547 605 3618 etiam
626 3552 876 3646 compositum
895 3547 1129 3635 adhibeatur,
1142 3551 1246 3618 varia
1258 3601 1270 3637 ,

187 3699 232 3747 ac
251 3674 397 3748 diuersa
423 3690 480 3748 est
504 3676 745 3772 significatio,
774 3694 811 3748 et
830 3695 1017 3774 postrema
1039 3678 1190 3774 quidem
1205 3702 1272 3773 pe·

186 3806 285 3878 nitus
314 3803 483 3893 deflexa,
515 3805 616 3899 nulla
642 3784 882 3880 lranslatiune
911 3807 1167 3901 explanabilis.
1216 3812 1269 3878 At

78 3946 85 3967 ⁸
186 3955 281 4009 vero
309 3930 787 4031 linguarum‘cognatarum
814 3930 1040 4003 adminiculo
1064 3927 1266 4004 discemus:

186 4055 302 4148 haec,
327 4080 421 4134 sono
443 4049 602 4151 similia,
620 4060 774 4159 urigine
799 4077 926 4133 tamen
954 4081 1020 4133 sua
1045 4053 1188 4138 diuersa
1208 4085 1265 4137 es·

188 4210 248 4280 se,
275 4211 320 4301 ac
336 4202 535 4291 propterea
556 4195 668 4267 etiam
686 4190 968 4290 significatione.
1223 4178 1230 4195 ⁹
