2708 4844
560 299 792 383 mm*
1000 314 1212 396 ,ar

123 459 365 556 antiquitatis
389 434 573 554 quaedam
599 420 702 553 quasi
726 459 923 553 tabularia,
945 463 1215 536 fidelitercon-
1277 540 1281 547 ,
1324 537 1334 548 ,

124 607 305 678 seruata,
334 591 503 666 inueniri.
665 650 676 679 x

236 717 289 791 Er
299 718 391 790 haec
403 740 515 813 porro
530 719 749 812 antiquitas,
758 718 1006 816 perquirenda
1016 773 1027 808 ,
1037 736 1214 793 cteruen·

123 849 175 921 da
194 864 252 920 est
269 845 462 949 diligentia
482 869 556 916 non
571 845 749 922 mediocri
768 862 813 918 ex·
827 847 1104 943 superstitibus,
1118 873 1213 944 quae
1240 904 1245 914 ,

124 977 210 1050 dari
230 991 410 1074 possunt,
440 977 570 1047 aetatis
592 977 766 1070 cuiusque
789 960 1052 1059 monumentis.
1089 974 1214 1050 Habet

123 1110 233 1179 enirn
257 1105 340 1194 illa,
366 1120 512 1201 praeter
531 1102 842 1192 delectationem,
865 1129 976 1199 quarn
999 1109 1055 1175 sui
1075 1106 1222 1178 studio-¹

125 1238 179 1310 sis
204 1239 338 1308 miram
362 1232 503 1322 adfert,
528 1233 729 1311 vtilitatem
754 1255 903 1330 quoque
929 1236 966 1311 in
989 1231 1061 1307 hoc
1080 1232 1215 1309 laboris

123 1389 268 1466 genere
288 1362 551 1437 incredibilem.
1034 1338 1037 1343 ⁵

151 1500 163 1530 ⁸
235 1495 265 1574 I.
284 1492 392 1566 *Nam
412 1496 597 1590 primum,
624 1491 725 1589 quod
745 1486 790 1564 de
812 1495 1074 1568 consuetudine
1091 1478 1212 1567 diuer·

124 1612 167 1698 aa
195 1625 408 1728 quaeritur,
437 1647 620 1718 quaenam
644 1626 690 1692 sit
709 1627 853 1720 potior,
877 1641 956 1696 tum
975 1625 1020 1694 de
1043 1648 1088 1698 ca
1112 1624 1237 1697 mul·'
1320 1610 1323 1617 ⁴

94 1824 98 1829 .
125 1771 166 1830 to
193 1757 328 1826 rectius
350 1751 494 1839 decerni
514 1754 673 1848 poterit:
704 1777 810 1842 cum,
837 1770 874 1826 et
897 1771 1021 1829 motus
1044 1757 1120 1826 eius
1145 1778 1211 1831 va·

126 1889 197 1972 rii,
222 1899 263 1955 et
283 1883 508 1970 conitantia,
529 1885 565 1952 in
587 1896 689 1957 tanta
710 1896 921 1977 temporum
943 1884 991 1953 ad
1013 1858 1215 1956 noslra-vs-

125 2038 202 2113 que
229 2011 387 2083 deducta
409 2011 525 2094 serie,
552 2002 732 2105 tanquam
754 2013 790 2079 in
814 2009 959 2099 tabula,
987 2011 1142 2100 clarius,
1169 2035 1214 2085 ac

126 2141 265 2216 certius
289 2137 459 2224 distincta
483 2149 747 2228 proponentur.

236 2264 283 2340 ll.
309 2265 522 2345 Memorare
543 2263 662 2336 debeo
685 2287 796 2358 porro
821 2279 858 2336 et
886 2264 1033 2363 linguae
1063 2262 1210 2342 thesau·
1259 2356 1264 2363 Ι
1320 2284 1326 2301 “

125 2424 211 2475 rum
248 2395 321 2470 hoc
348 2409 459 2494 pacto
483 2393 642 2467 multum
669 2395 809 2488 augeri,
836 2417 879 2468 ac
900 2393 1081 2494 genuinae
1101 2397 1213 2491 patrii
1269 2438 1272 2443 .

129 2527 319 2604 sermonis
342 2524 542 2622 integritati
566 2521 751 2615 praeclare
776 2523 928 2596 consuli.
984 2592 989 2599 ,

238 2653 367 2726 Voces
389 2654 487 2722 enirn
511 2673 621 2746 quarn
642 2649 845 2746 plurimae,
861 2622 1215 2747 posterorum'incu-

128 2791 184 2858 ria
201 2784 421 2882 neglectae,
447 2795 484 2851 et
506 2781 581 2851 iam
603 2779 795 2868 exoletae,
811 2780 906 2851 aliae
928 2781 1107 2853 breuitate
1129 2807 1217 2853 con·
1267 2790 1270 2797 '

132 2920 350 3003 cinniores,
383 2913 478 2983 aliae
514 2912 752 2983 deriuationis
779 2907 861 3008 lege
892 2914 1056 2990 sincerae
1067 2938 1077 2992 ;
1115 2913 1217 3004 ipsae

127 3063 332 3147 praeterea
357 3038 569 3137 frequentes
595 3039 827 3109 construendi
854 3043 1014 3111 rationes
1048 3062 1121 3108 non
1153 3059 1218 3131 pe·

134 3181 336 3276 regrinae,
361 3172 425 3246 sed
458 3193 544 3244 vere
572 3169 820 3249 domesticae3
847 3188 922 3235 non
954 3182 1111 3261 possunt
1144 3162 1215 3239 hoc

130 3309 259 3382 studio
292 3329 367 3377 non
400 3325 517 3399 quam·
546 3299 760 3374 auidissime
790 3297 921 3390 arripi,
947 3320 987 3367 ac
1014 3299 1149 3369 sensim
1174 3299 1219 3369 ad

132 3455 245 3505 vsum
267 3431 446 3505 reuocari.
473 3425 637 3498 Maiores
662 3437 758 3492 certe
778 3425 912 3509 nostri,
936 3422 1083 3521 linguae
1108 3443 1221 3521 vtpo-

138 3577 175 3633 te
200 3583 293 3632 suae
315 3557 516 3655 originibus
540 3556 660 3628 multo
681 3530 896 3650 propiores,
911 3579 1032 3651 neque
1055 3573 1132 3642 tarn
1154 3580 1219 3628 va-

133 3694 215 3778 rio,
244 3712 289 3758 ac
312 3689 479 3772 diuerso,
507 3700 548 3757 vt
566 3664 642 3756 ¹nos
674 3687 748 3752 iam
769 3707 790 3755 a
811 3686 934 3778 pueris
953 3684 1127 3772 facimus,
1154 3708 1218 3754 ore

133 3814 278 3902 locuti,
305 3815 431 3884 omnia
450 3815 541 3899 ista,
566 3813 777 3906 primaeuae
797 3809 944 3904 linguae
965 3809 1077 3905 genio
1106 3807 1224 3902 magis

134 3937 448 4024 accommodata,
473 3938 654 4033 armagis
682 3952 782 4009 casta
806 3933 1021 4007 habuerunt.

246 4066 307 4139 Ill.
327 4067 440 4138 Addo
469 4070 544 4143 iam
572 4067 654 4153 illa,
679 4087 774 4159 quae
805 4061 948 4160 homini
982 4052 1225 4153 etymologo,

133 4205 182 4278 de
214 4200 326 4271 rectis
354 4195 596 4292 inflexionum
622 4193 766 4292 legibus
790 4170 977 4274 sollicito,
997 4184 1042 4257 ab
1068 4186 1240 4282 antiqui,

966 4315 996 4388 C
1024 4342 1049 4412 3
