2708 4844
83 374 90 389 ¹
348 283 637 363 ORTHQEPIAE
661 287 778 356 SECT.
809 283 871 355 111.
1109 300 1150 368 95
1245 248 1260 269 Ι

67 448 1144 515 m

335 721 582 799 suerro
625 698 868 847 tunsis
986 812 1000 826 ,
1057 792 1067 802 .

625 883 649 933 E

194 884 645 1044 MVTATIONIBDVS
686 974 1026 1047 LITERARVM

443 1119 769 1170 POTISSIMVM

287 1219 359 1307 nu
381 1216 658 1283 uvrnoum
692 1214 935 1283 PETlTls.

225 1322 236 1357 Ι
265 1376 271 1393 ι

31 1462 33 1467 ’
63 1400 126 1541 P
129 1461 330 1545 ermutatio
338 1527 349 1559 ‚
372 1493 435 1542 sen
459 1474 651 1544 conuersio
672 1475 797 1544 literae
816 1476 924 1544 vnius
948 1474 985 1544 in
1009 1471 1121 1544 aliam
1137 1468 1165 1560 ,'

65 1602 279 1678 admodum
309 1602 478 1698 frequens
509 1620 564 1674 est
589 1606 626 1674 in
651 1606 776 1705 lingua
801 1621 936 1676 nostra.
976 1601 1036 1675 Ea
1067 1628 1153 1701 par·
1272 1629 1280 1665 ··

65 1755 149 1810 tem
175 1737 377 1807 maximam
398 1733 629 1828 euphoniae,
647 1711 711 1807 seu
735 1738 816 1806 soni
840 1736 1152 1822 suauioris‚caus·
1251 1744 1254 1751 '

69 1890 113 1939 sa
148 1864 318 1942 inualuit,
367 1863 545 1961 Magnam
573 1864 815 1935 nihilominus
845 1880 990 1957 partem
1023 1880 1078 1935 est
1105 1886 1152 1934 ea

70 1996 227 2068 inducta
254 2009 290 2063 et
317 1991 418 2089 vulgi
442 1995 555 2095 nostri
581 1995 739 2064 mollitie
773 1987 809 2063 in
842 1993 1058 2088 loquendo,
1091 1995 1155 2065 vel

71 2126 228 2222 pigritia
248 2125 388 2217 potius:
419 2145 528 2216 quam
551 2124 721 2215 pertinax
735 2125 961 2194 consuetudo
983 2127 1058 2193 iam
1075 2126 1155 2219 ipso

75 2251 293 2348 euphoniae
313 2249 468 2345 pulchro
488 2254 661 2336 nomine,
675 2277 750 2322 uon
764 2254 880 2324 modo
895 2259 1008 2356 tegit,
1025 2279 1157 2328 verum

72 2388 192 2456 etiam
216 2396 378 2452 exornat.
405 2381 557 2451 Alteras
572 2384 663 2449 istae
684 2386 908 2454 mutationes
936 2409 1010 2455 non
1026 2407 1157 2454 omnes
1201 2442 1203 2449 .

71 2515 278 2598 subsistunt
300 2527 399 2583 recto
426 2535 513 2583 vsu:
543 2512 628 2583 illae
642 2536 732 2582 vero
747 2515 913 2600 alterae,
940 2514 1093 2584 omnino
1111 2511 1157 2583 ab

71 2646 264 2746 euphonia
288 2651 447 2743 petitae,
472 2662 637 2742 perstant
657 2645 817 2722 firmiter.

179 2770 280 2855 Sed,
307 2776 360 2843 vti
392 2776 531 2870 priores
559 2786 679 2842 rectae
706 2771 916 2866 diligentius
945 2768 1161 2845 indicandae
1270 2800 1274 2807 ’

73 2920 185 2987 sunt3
214 2906 264 2974 ita
285 2918 323 2972 et
344 2904 565 2997 posteriores
594 2904 756 2997 vitiosae
780 2927 853 2974 non
878 2919 1036 2996 possunt
1056 2906 1161 2996 peni·

72 3050 134 3105 tus
160 3031 312 3127 negligi,
360 3027 458 3100 Nam
483 3053 607 3101 reuera
633 3032 767 3103 adsunt
796 3035 830 3102 in
854 3033 990 3130 lingua.
1027 3029 1161 3103 Vtrae·

10 3140 12 3145 ¹
73 3185 149 3258 que
185 3159 273 3228 dnm
307 3157 586 3253 expenduntur,
612 3182 674 3228 cur
697 3164 748 3227 ita
777 3161 870 3245 sint,
898 3155 1047 3254 pulchre
1070 3159 1162 3230 indi.
1331 3246 1334 3255 Ι

20 3304 24 3311 ’
76 3301 163 3358 eant
187 3306 409 3379 organorum
439 3305 577 3372 vsum,
609 3269 648 3352 ct
676 3299 839 3369 rectum,
869 3301 905 3353 et
930 3288 1162 3380 segniorem,
1203 3354 1237 3369 ,,
1270 3258 1275 3277 ’
1309 3321 1312 3328 ·

73 3416 139 3487 vel
176 3435 395 3508 quocunque
426 3415 520 3483 vitio
554 3411 788 3515 impeditum.
842 3413 926 3506 Qua
950 3420 1162 3513 cognitione

75 3559 292 3639 comparata
325 3543 449 3612 faciles
484 3557 567 3613 sunt
603 3543 786 3639 explicatu
819 3549 992 3656 etnipsae
1026 3572 1164 3619 vocum
1204 3522 1205 3529 ἵ

76 3674 322 3745 mutationes:
351 3673 500 3766 quasin
524 3671 594 3741 illis
621 3687 658 3741 et
683 3672 807 3770 lingua
825 3689 949 3746 nostra
968 3679 1087 3748 varias
1102 3700 1164 3745 ex·
1213 3664 1216 3681 ’

75 3801 188 3877 hibet
220 3815 341 3869 aetate
363 3801 496 3882 ¹varia;
528 3815 565 3868 et
602 3794 757 3896 linguae
782 3802 911 3872 affines
941 3804 978 3871 in
1010 3786 1164 3872 v‘ocihus
1195 3794 1199 3801 ’

78 3924 342 4011 communibus
373 3929 570 4007 ostendunt
598 3927 822 4024 quandoque
846 3930 965 4027 magis
990 3927 1165 3998 dederas.

75 4054 131 4128 Et
157 4036 290 4125 harum
309 4054 459 4149 quidem
484 4059 698 4128 conciliatio
723 4058 841 4154 multo
862 4071 917 4127 est
939 4057 1164 4149 expeditior:
1233 4125 1236 4131 ,
1279 4144 1285 4163 θ

35 4260 63 4299 ‚⁶
81 4186 117 4254 si
158 4198 197 4254 et
224 4183 309 4251 illae
340 4187 562 4254 mutationes
596 4181 784 4293 literarum
810 4208 884 4255 uon
909 4207 978 4262 nos
1003 4184 1165 4283 lateant,
