<?xml version="1.0" encoding="UTF-8"?>
<!DOCTYPE html PUBLIC "-//W3C//DTD XHTML 1.0 Transitional//EN"
    "http://www.w3.org/TR/xhtml1/DTD/xhtml1-transitional.dtd">
<html xmlns="http://www.w3.org/1999/xhtml" xml:lang="en" lang="en">
 <head>
  <title>
</title>
<meta http-equiv="Content-Type" content="text/html;charset=utf-8" />
  <meta name='ocr-system' content='tesseract 3.04.00' />
  <meta name='ocr-capabilities' content='ocr_page ocr_carea ocr_par ocr_line ocrx_word'/>
</head>
<body>
  <div class='ocr_page' id='page_1' title='image "./elaboratiorgram01simogoog_0308.png"; bbox 0 0 2708 4844; ppageno 0'>
   <div class='ocr_carea' id='block_1_1' title="bbox 397 254 1313 399">
    <p class='ocr_par' dir='ltr' id='par_1_1' title="bbox 397 254 1313 399">
     <span class='ocr_line' id='line_1_1' title="bbox 397 254 1313 399; baseline 0.001 -38"><span class='ocrx_word' id='word_1_1' title='bbox 397 254 932 399; x_wconf 69' lang='lat' dir='ltr'><strong>lnrrmro-nmrnsnru.</strong></span> <span class='ocrx_word' id='word_1_2' title='bbox 1031 334 1034 339; x_wconf 63' lang='grc'><em>»</em></span> <span class='ocrx_word' id='word_1_3' title='bbox 1135 320 1204 399; x_wconf 63' lang='grc'><strong>,7,</strong></span> <span class='ocrx_word' id='word_1_4' title='bbox 1221 254 1247 347; x_wconf 70' lang='lat'><strong>.‘</strong></span> <span class='ocrx_word' id='word_1_5' title='bbox 1275 290 1313 323; x_wconf 90' lang='grc'><strong>·-</strong></span> 
     </span>
    </p>
   </div>
   <div class='ocr_carea' id='block_1_2' title="bbox 56 442 1281 764">
    <p class='ocr_par' dir='ltr' id='par_1_2' title="bbox 56 442 1281 764">
     <span class='ocr_line' id='line_1_2' title="bbox 56 442 1281 555; baseline 0.01 -32"><span class='ocrx_word' id='word_1_6' title='bbox 56 452 60 461; x_wconf 76' lang='grc'><em>“</em></span> <span class='ocrx_word' id='word_1_7' title='bbox 123 448 207 524; x_wconf 90' lang='lat' dir='ltr'><strong>bus:</strong></span> <span class='ocrx_word' id='word_1_8' title='bbox 231 462 292 525; x_wconf 79' lang='lat' dir='ltr'><strong>herl</strong></span> <span class='ocrx_word' id='word_1_9' title='bbox 299 512 311 543; x_wconf 92' lang='lat'><strong>,</strong></span> <span class='ocrx_word' id='word_1_10' title='bbox 339 465 441 548; x_wconf 86' lang='lat' dir='ltr'><strong>piscis</strong></span> <span class='ocrx_word' id='word_1_11' title='bbox 455 442 469 544; x_wconf 50' lang='lat'><strong>,¹</strong></span> <span class='ocrx_word' id='word_1_12' title='bbox 484 467 598 535; x_wconf 73' lang='lat' dir='ltr'><strong>hul-at</strong></span> <span class='ocrx_word' id='word_1_13' title='bbox 606 510 619 543; x_wconf 89' lang='lat'><strong>,</strong></span> <span class='ocrx_word' id='word_1_14' title='bbox 636 448 883 546; x_wconf 63' lang='lat' dir='ltr'><strong>piscisnnultr&#39;n¹</strong></span> <span class='ocrx_word' id='word_1_15' title='bbox 894 513 916 555; x_wconf 86' lang='lat'><em>„</em></span> <span class='ocrx_word' id='word_1_16' title='bbox 927 466 1200 548; x_wconf 77' lang='lat' dir='ltr'><strong>piscis-multitu-</strong></span> <span class='ocrx_word' id='word_1_17' title='bbox 1279 458 1281 467; x_wconf 62' lang='grc'><em>’</em></span> 
     </span>
     <span class='ocr_line' id='line_1_3' title="bbox 122 567 1203 655; baseline 0.006 -25"><span class='ocrx_word' id='word_1_18' title='bbox 122 568 168 630; x_wconf 90' lang='lat' dir='ltr'><strong>do</strong></span> <span class='ocrx_word' id='word_1_19' title='bbox 185 587 195 644; x_wconf 89' lang='lat'>;</span> <span class='ocrx_word' id='word_1_20' title='bbox 211 569 287 652; x_wconf 72' lang='lat' dir='ltr'><strong>grim</strong></span> <span class='ocrx_word' id='word_1_21' title='bbox 298 617 309 648; x_wconf 89' lang='lat'><strong>,</strong></span> <span class='ocrx_word' id='word_1_22' title='bbox 333 571 436 633; x_wconf 86' lang='lat' dir='ltr'><strong>ardea</strong></span> <span class='ocrx_word' id='word_1_23' title='bbox 446 572 629 655; x_wconf 59' lang='lat' dir='ltr'><strong>spem-ek,</strong></span> <span class='ocrx_word' id='word_1_24' title='bbox 655 567 905 651; x_wconf 65' lang='lat' dir='ltr'><strong>mdes-multa,</strong></span> <span class='ocrx_word' id='word_1_25' title='bbox 932 571 1203 638; x_wconf 79' lang='lat' dir='ltr'><strong>ardea-multitu·</strong></span> 
     </span>
     <span class='ocr_line' id='line_1_4' title="bbox 121 675 1205 764; baseline 0.004 -26"><span class='ocrx_word' id='word_1_26' title='bbox 121 676 168 738; x_wconf 89' lang='lat' dir='ltr'><strong>do</strong></span> <span class='ocrx_word' id='word_1_27' title='bbox 182 679 302 739; x_wconf 73' lang='lat' dir='ltr'><strong>:sicut</strong></span> <span class='ocrx_word' id='word_1_28' title='bbox 322 683 383 741; x_wconf 76' lang='lat' dir='ltr'><strong>sols</strong></span> <span class='ocrx_word' id='word_1_29' title='bbox 393 726 404 757; x_wconf 92' lang='lat'><strong>,</strong></span> <span class='ocrx_word' id='word_1_30' title='bbox 424 682 546 743; x_wconf 85' lang='lat' dir='ltr'><strong>riomen</strong></span> <span class='ocrx_word' id='word_1_31' title='bbox 569 677 661 741; x_wconf 89' lang='lat' dir='ltr'><strong>aliud</strong></span> <span class='ocrx_word' id='word_1_32' title='bbox 687 680 805 743; x_wconf 83' lang='lat' dir='ltr'><strong>eadem</strong></span> <span class='ocrx_word' id='word_1_33' title='bbox 826 675 1076 764; x_wconf 78' lang='lat' dir='ltr'><strong>significatione</strong></span> <span class='ocrx_word' id='word_1_34' title='bbox 1095 701 1205 764; x_wconf 76' lang='lat' dir='ltr'><strong>aeque.</strong></span> 
     </span>
    </p>
   </div>
   <div class='ocr_carea' id='block_1_3' title="bbox 121 786 1346 874">
    <p class='ocr_par' dir='ltr' id='par_1_3' title="bbox 121 786 1346 874">
     <span class='ocr_line' id='line_1_5' title="bbox 121 786 1346 874; baseline 0.002 -24"><span class='ocrx_word' id='word_1_35' title='bbox 121 786 319 866; x_wconf 84' lang='lat' dir='ltr'><strong>indefinita,</strong></span> <span class='ocrx_word' id='word_1_36' title='bbox 339 787 493 867; x_wconf 80' lang='lat' dir='ltr'><strong>multus,</strong></span> <span class='ocrx_word' id='word_1_37' title='bbox 513 791 574 852; x_wconf 75' lang='lat' dir='ltr'><strong>sol</strong></span> <span class='ocrx_word' id='word_1_38' title='bbox 592 791 671 865; x_wconf 74' lang='lat' dir='ltr'><strong>bal,</strong></span> <span class='ocrx_word' id='word_1_39' title='bbox 691 790 751 850; x_wconf 75' lang='lat' dir='ltr'><strong>sot</strong></span> <span class='ocrx_word' id='word_1_40' title='bbox 765 786 863 874; x_wconf 81' lang='lat' dir='ltr'><strong>ge&#39;m:</strong></span> <span class='ocrx_word' id='word_1_41' title='bbox 882 788 976 868; x_wconf 91' lang='lat' dir='ltr'><strong>quod</strong></span> <span class='ocrx_word' id='word_1_42' title='bbox 994 806 1037 851; x_wconf 83' lang='lat' dir='ltr'><strong>ne</strong></span> <span class='ocrx_word' id='word_1_43' title='bbox 1058 790 1091 853; x_wconf 92' lang='lat' dir='ltr'><strong>in</strong></span> <span class='ocrx_word' id='word_1_44' title='bbox 1109 792 1201 854; x_wconf 88' lang='lat' dir='ltr'><strong>Lati·</strong></span> <span class='ocrx_word' id='word_1_45' title='bbox 1244 815 1247 821; x_wconf 93' lang='lat'><em>·</em></span> <span class='ocrx_word' id='word_1_46' title='bbox 1341 805 1346 817; x_wconf 84' lang='lat'>&#39;</span> 
     </span>
    </p>
   </div>
   <div class='ocr_carea' id='block_1_4' title="bbox 123 896 1262 982">
    <p class='ocr_par' dir='ltr' id='par_1_4' title="bbox 123 896 1262 982">
     <span class='ocr_line' id='line_1_6' title="bbox 123 896 1262 982; baseline 0.004 -23"><span class='ocrx_word' id='word_1_47' title='bbox 123 917 169 961; x_wconf 91' lang='lat' dir='ltr'><strong>no</strong></span> <span class='ocrx_word' id='word_1_48' title='bbox 192 899 327 980; x_wconf 83' lang='lat' dir='ltr'><strong>quidem</strong></span> <span class='ocrx_word' id='word_1_49' title='bbox 353 896 485 981; x_wconf 80' lang='lat' dir='ltr'>plurale</span> <span class='ocrx_word' id='word_1_50' title='bbox 513 901 622 980; x_wconf 87' lang='lat' dir='ltr'><strong>poscit</strong></span> <span class='ocrx_word' id='word_1_51' title='bbox 640 918 783 976; x_wconf 88' lang='lat' dir='ltr'><strong>nomen,</strong></span> <span class='ocrx_word' id='word_1_52' title='bbox 815 897 869 959; x_wconf 88' lang='lat' dir='ltr'><strong>oui</strong></span> <span class='ocrx_word' id='word_1_53' title='bbox 899 897 1076 982; x_wconf 82' lang='lat' dir='ltr'><strong>iungitur,</strong></span> <span class='ocrx_word' id='word_1_54' title='bbox 1095 901 1199 981; x_wconf 87' lang='lat' dir='ltr'><strong>piscis</strong></span> <span class='ocrx_word' id='word_1_55' title='bbox 1256 896 1262 915; x_wconf 82' lang='lat'><strong>‘</strong></span> 
     </span>
    </p>
   </div>
   <div class='ocr_carea' id='block_1_5' title="bbox 16 1002 1201 1086">
    <p class='ocr_par' dir='ltr' id='par_1_5' title="bbox 16 1002 1201 1086">
     <span class='ocr_line' id='line_1_7' title="bbox 16 1002 1201 1086; baseline 0.006 -17"><span class='ocrx_word' id='word_1_56' title='bbox 16 1038 19 1043; x_wconf 90' lang='lat'>·</span> <span class='ocrx_word' id='word_1_57' title='bbox 124 1002 273 1086; x_wconf 79' lang='lat' dir='ltr'><strong>inultus,</strong></span> <span class='ocrx_word' id='word_1_58' title='bbox 297 1012 399 1076; x_wconf 78' lang='lat' dir='ltr'><strong>ardea</strong></span> <span class='ocrx_word' id='word_1_59' title='bbox 421 1010 541 1073; x_wconf 87' lang='lat' dir='ltr'><strong>multa.</strong></span> <span class='ocrx_word' id='word_1_60' title='bbox 566 1008 637 1071; x_wconf 80' lang='lat' dir='ltr'><strong>Iani</strong></span> <span class='ocrx_word' id='word_1_61' title='bbox 657 1027 874 1073; x_wconf 87' lang='lat' dir='ltr'><strong>numerorum</strong></span> <span class='ocrx_word' id='word_1_62' title='bbox 886 1009 1027 1072; x_wconf 85' lang='lat' dir='ltr'><strong>nomina</strong></span> <span class='ocrx_word' id='word_1_63' title='bbox 1045 1011 1201 1076; x_wconf 82' lang='lat' dir='ltr'><strong>cardina·</strong></span> 
     </span>
    </p>
   </div>
   <div class='ocr_carea' id='block_1_6' title="bbox 113 1098 1295 1852">
    <p class='ocr_par' dir='ltr' id='par_1_6' title="bbox 113 1098 1295 1748">
     <span class='ocr_line' id='line_1_8' title="bbox 119 1098 1200 1199; baseline 0.004 -22"><span class='ocrx_word' id='word_1_64' title='bbox 119 1113 172 1177; x_wconf 89' lang='lat' dir='ltr'><strong>lia</strong></span> <span class='ocrx_word' id='word_1_65' title='bbox 186 1116 337 1194; x_wconf 82' lang='lat' dir='ltr'><strong>,itidem</strong></span> <span class='ocrx_word' id='word_1_66' title='bbox 363 1116 588 1181; x_wconf 89' lang='lat' dir='ltr'><strong>multitudinis</strong></span> <span class='ocrx_word' id='word_1_67' title='bbox 610 1130 733 1196; x_wconf 87' lang='lat' dir='ltr'><strong>notae,</strong></span> <span class='ocrx_word' id='word_1_68' title='bbox 756 1134 871 1189; x_wconf 78' lang='lat' dir='ltr'><strong>rerum</strong></span> <span class='ocrx_word' id='word_1_69' title='bbox 894 1098 1077 1196; x_wconf 79' lang='lat' dir='ltr'><strong>definitae,</strong></span> <span class='ocrx_word' id='word_1_70' title='bbox 1097 1135 1200 1199; x_wconf 84' lang='lat' dir='ltr'><strong>quan·</strong></span> 
     </span>
     <span class='ocr_line' id='line_1_9' title="bbox 120 1222 1201 1312; baseline 0.004 -26"><span class='ocrx_word' id='word_1_71' title='bbox 120 1225 166 1286; x_wconf 90' lang='lat' dir='ltr'><strong>do</strong></span> <span class='ocrx_word' id='word_1_72' title='bbox 198 1226 346 1306; x_wconf 87' lang='lat' dir='ltr'><strong>primum</strong></span> <span class='ocrx_word' id='word_1_73' title='bbox 376 1223 533 1289; x_wconf 86' lang='lat' dir='ltr'><strong>adhibita</strong></span> <span class='ocrx_word' id='word_1_74' title='bbox 557 1237 654 1288; x_wconf 89' lang='lat' dir='ltr'><strong>sunt:</strong></span> <span class='ocrx_word' id='word_1_75' title='bbox 685 1224 803 1312; x_wconf 82' lang='lat' dir='ltr'><strong>lingua</strong></span> <span class='ocrx_word' id='word_1_76' title='bbox 833 1222 1059 1306; x_wconf 70' lang='lat' dir='ltr'><strong>adolescens„</strong></span> <span class='ocrx_word' id='word_1_77' title='bbox 1078 1229 1113 1290; x_wconf 90' lang='lat' dir='ltr'><strong>in</strong></span> <span class='ocrx_word' id='word_1_78' title='bbox 1141 1244 1201 1290; x_wconf 78' lang='lat' dir='ltr'><strong>ex·</strong></span> 
     </span>
     <span class='ocr_line' id='line_1_10' title="bbox 117 1312 1201 1422; baseline 0.004 -28"><span class='ocrx_word' id='word_1_79' title='bbox 117 1324 353 1415; x_wconf 72' lang='lat' dir='ltr'><strong>pressionibus</strong></span> <span class='ocrx_word' id='word_1_80' title='bbox 383 1337 561 1419; x_wconf 86' lang='lat' dir='ltr'><strong>praecisa,</strong></span> <span class='ocrx_word' id='word_1_81' title='bbox 595 1335 675 1402; x_wconf 88' lang='lat' dir='ltr'><strong>satis</strong></span> <span class='ocrx_word' id='word_1_82' title='bbox 697 1331 817 1396; x_wconf 83' lang='lat' dir='ltr'><strong>habuit</strong></span> <span class='ocrx_word' id='word_1_83' title='bbox 840 1352 882 1397; x_wconf 84' lang='lat' dir='ltr'><strong>ea</strong></span> <span class='ocrx_word' id='word_1_84' title='bbox 912 1312 1000 1397; x_wconf 75' lang='lat' dir='ltr'><strong>sola¹</strong></span> <span class='ocrx_word' id='word_1_85' title='bbox 1014 1331 1201 1422; x_wconf 75' lang='lat' dir='ltr'><strong>praefigere</strong></span> 
     </span>
     <span class='ocr_line' id='line_1_11' title="bbox 120 1434 1295 1539; baseline 0.007 -33"><span class='ocrx_word' id='word_1_86' title='bbox 120 1445 342 1525; x_wconf 87' lang='lat' dir='ltr'><strong>nominibus,</strong></span> <span class='ocrx_word' id='word_1_87' title='bbox 374 1443 533 1531; x_wconf 81' lang='lat' dir='ltr'><strong>neglecta</strong></span> <span class='ocrx_word' id='word_1_88' title='bbox 560 1456 640 1530; x_wconf 80' lang='lat' dir='ltr'><strong>nota</strong></span> <span class='ocrx_word' id='word_1_89' title='bbox 660 1434 767 1506; x_wconf 86' lang='lat' dir='ltr'><strong>altera</strong></span> <span class='ocrx_word' id='word_1_90' title='bbox 785 1442 1012 1508; x_wconf 72' lang='lat' dir='ltr'><strong>multitudinis</strong></span> <span class='ocrx_word' id='word_1_91' title='bbox 1026 1442 1201 1514; x_wconf 72' lang='lat' dir='ltr'><strong>‘indefini-</strong></span> <span class='ocrx_word' id='word_1_92' title='bbox 1291 1528 1295 1539; x_wconf 37' lang='grc' dir='ltr'><strong><em>Ι</em></strong></span> 
     </span>
     <span class='ocr_line' id='line_1_12' title="bbox 114 1542 1288 1634; baseline -0.001 -24"><span class='ocrx_word' id='word_1_93' title='bbox 114 1542 190 1634; x_wconf 73' lang='lat' dir='ltr'><strong>tae,</strong></span> <span class='ocrx_word' id='word_1_94' title='bbox 216 1547 271 1611; x_wconf 89' lang='lat' dir='ltr'><strong>hic</strong></span> <span class='ocrx_word' id='word_1_95' title='bbox 293 1551 410 1631; x_wconf 88' lang='lat' dir='ltr'><strong>vtique</strong></span> <span class='ocrx_word' id='word_1_96' title='bbox 445 1545 634 1631; x_wconf 84' lang='lat' dir='ltr'><strong>superflua:</strong></span> <span class='ocrx_word' id='word_1_97' title='bbox 668 1549 784 1609; x_wconf 71' lang='lat' dir='ltr'><strong>licitum</strong></span> <span class='ocrx_word' id='word_1_98' title='bbox 804 1549 990 1626; x_wconf 77' lang='lat' dir='ltr'><strong>hel,trias</strong></span> <span class='ocrx_word' id='word_1_99' title='bbox 1010 1548 1141 1629; x_wconf 83' lang='lat' dir='ltr'><strong>piscis3</strong></span> <span class='ocrx_word' id='word_1_100' title='bbox 1163 1548 1205 1610; x_wconf 71' lang='lat' dir='ltr'><strong>dt</strong></span> <span class='ocrx_word' id='word_1_101' title='bbox 1285 1556 1288 1561; x_wconf 82' lang='lat'>&#39;</span> 
     </span>
     <span class='ocr_line' id='line_1_13' title="bbox 113 1654 1240 1748; baseline -0.001 -28"><span class='ocrx_word' id='word_1_102' title='bbox 113 1658 187 1740; x_wconf 78' lang='lat' dir='ltr'><strong>ge&#39;m</strong></span> <span class='ocrx_word' id='word_1_103' title='bbox 201 1706 211 1737; x_wconf 93' lang='lat'><strong>,</strong></span> <span class='ocrx_word' id='word_1_104' title='bbox 227 1669 349 1740; x_wconf 81' lang='lat' dir='ltr'><strong>pentae</strong></span> <span class='ocrx_word' id='word_1_105' title='bbox 370 1656 486 1721; x_wconf 87' lang='lat' dir='ltr'><strong>ardea.</strong></span> <span class='ocrx_word' id='word_1_106' title='bbox 510 1656 618 1720; x_wconf 83' lang='lat' dir='ltr'><strong>Durat</strong></span> <span class='ocrx_word' id='word_1_107' title='bbox 638 1654 693 1723; x_wconf 89' lang='lat' dir='ltr'><strong>hic</strong></span> <span class='ocrx_word' id='word_1_108' title='bbox 714 1654 860 1742; x_wconf 82' lang='lat' dir='ltr'><strong>simplex</strong></span> <span class='ocrx_word' id='word_1_109' title='bbox 874 1675 953 1726; x_wconf 85' lang='lat' dir='ltr'><strong>vsus</strong></span> <span class='ocrx_word' id='word_1_110' title='bbox 974 1658 1201 1748; x_wconf 71' lang='lat' dir='ltr'><strong>primigenius</strong></span> <span class='ocrx_word' id='word_1_111' title='bbox 1236 1674 1240 1705; x_wconf 87' lang='lat'><strong>·-</strong></span> 
     </span>
    </p>

    <p class='ocr_par' dir='ltr' id='par_1_7' title="bbox 115 1767 618 1852">
     <span class='ocr_line' id='line_1_14' title="bbox 115 1767 618 1852; baseline -0.004 -24"><span class='ocrx_word' id='word_1_112' title='bbox 115 1767 163 1829; x_wconf 83' lang='lat' dir='ltr'><strong>ad</strong></span> <span class='ocrx_word' id='word_1_113' title='bbox 184 1787 249 1830; x_wconf 90' lang='lat' dir='ltr'><strong>nos</strong></span> <span class='ocrx_word' id='word_1_114' title='bbox 267 1787 374 1848; x_wconf 87' lang='lat' dir='ltr'><strong>vsque</strong></span> <span class='ocrx_word' id='word_1_115' title='bbox 395 1776 618 1852; x_wconf 84' lang='lat' dir='ltr'><strong>propagatus.</strong></span> 
     </span>
    </p>
   </div>
   <div class='ocr_carea' id='block_1_7' title="bbox 197 1869 1307 1960">
    <p class='ocr_par' dir='ltr' id='par_1_8' title="bbox 197 1869 1307 1960">
     <span class='ocr_line' id='line_1_15' title="bbox 197 1869 1307 1960; baseline -0.003 -24"><span class='ocrx_word' id='word_1_116' title='bbox 197 1875 266 1936; x_wconf 83' lang='lat' dir='ltr'><strong>Sed</strong></span> <span class='ocrx_word' id='word_1_117' title='bbox 295 1886 419 1956; x_wconf 82' lang='lat' dir='ltr'><strong>postea</strong></span> <span class='ocrx_word' id='word_1_118' title='bbox 451 1869 572 1960; x_wconf 82' lang='lat' dir='ltr'><strong>lingua</strong></span> <span class='ocrx_word' id='word_1_119' title='bbox 601 1874 670 1936; x_wconf 83' lang='lat' dir='ltr'><strong>iam</strong></span> <span class='ocrx_word' id='word_1_120' title='bbox 700 1874 922 1956; x_wconf 73' lang='lat' dir='ltr'><strong>promotior,</strong></span> <span class='ocrx_word' id='word_1_121' title='bbox 954 1871 1151 1955; x_wconf 80' lang='lat' dir='ltr'><strong>claritatis,</strong></span> <span class='ocrx_word' id='word_1_122' title='bbox 1164 1886 1198 1937; x_wconf 83' lang='lat' dir='ltr'><strong>et</strong></span> <span class='ocrx_word' id='word_1_123' title='bbox 1303 1927 1307 1933; x_wconf 79' lang='grc'><em>,</em></span> 
     </span>
    </p>
   </div>
   <div class='ocr_carea' id='block_1_8' title="bbox 85 1979 1282 3035">
    <p class='ocr_par' dir='ltr' id='par_1_9' title="bbox 112 1979 1282 2823">
     <span class='ocr_line' id='line_1_16' title="bbox 113 1979 1200 2068; baseline -0.001 -23"><span class='ocrx_word' id='word_1_124' title='bbox 113 1985 272 2068; x_wconf 81' lang='lat' dir='ltr'><strong>energiae</strong></span> <span class='ocrx_word' id='word_1_125' title='bbox 295 1983 505 2056; x_wconf 81' lang='lat' dir='ltr'><strong>studiosior,</strong></span> <span class='ocrx_word' id='word_1_126' title='bbox 530 1983 716 2042; x_wconf 87' lang='lat' dir='ltr'><strong>eorundem</strong></span> <span class='ocrx_word' id='word_1_127' title='bbox 740 1979 1030 2062; x_wconf 77' lang='lat' dir='ltr'><strong>geminationem,</strong></span> <span class='ocrx_word' id='word_1_128' title='bbox 1051 1993 1085 2042; x_wconf 87' lang='lat' dir='ltr'><strong>et</strong></span> <span class='ocrx_word' id='word_1_129' title='bbox 1104 1983 1200 2044; x_wconf 84' lang='lat' dir='ltr'><strong>idem</strong></span> 
     </span>
     <span class='ocr_line' id='line_1_17' title="bbox 115 2078 1197 2178; baseline -0.004 -25"><span class='ocrx_word' id='word_1_130' title='bbox 115 2087 384 2178; x_wconf 85' lang='lat' dir='ltr'><strong>significantium</strong></span> <span class='ocrx_word' id='word_1_131' title='bbox 422 2086 730 2169; x_wconf 71' lang='lat' dir='ltr'><strong>accumulationem</strong></span> <span class='ocrx_word' id='word_1_132' title='bbox 768 2085 954 2149; x_wconf 79' lang='lat' dir='ltr'><strong>adamabit.</strong></span> <span class='ocrx_word' id='word_1_133' title='bbox 1004 2078 1117 2161; x_wconf 77' lang='lat' dir='ltr'><strong>Itain</strong></span> <span class='ocrx_word' id='word_1_134' title='bbox 1143 2088 1197 2159; x_wconf 83' lang='lat' dir='ltr'><strong>his</strong></span> 
     </span>
     <span class='ocr_line' id='line_1_18' title="bbox 114 2192 1197 2287; baseline -0.001 -23"><span class='ocrx_word' id='word_1_135' title='bbox 114 2201 257 2265; x_wconf 79' lang='lat' dir='ltr'><strong>ommno</strong></span> <span class='ocrx_word' id='word_1_136' title='bbox 283 2195 446 2281; x_wconf 84' lang='lat' dir='ltr'><strong>exemplis</strong></span> <span class='ocrx_word' id='word_1_137' title='bbox 474 2193 631 2259; x_wconf 87' lang='lat' dir='ltr'><strong>collibuit</strong></span> <span class='ocrx_word' id='word_1_138' title='bbox 654 2192 705 2256; x_wconf 90' lang='lat' dir='ltr'><strong>illi</strong></span> <span class='ocrx_word' id='word_1_139' title='bbox 727 2206 846 2259; x_wconf 87' lang='lat' dir='ltr'><strong>notam</strong></span> <span class='ocrx_word' id='word_1_140' title='bbox 875 2206 1056 2280; x_wconf 76' lang='lat' dir='ltr'><strong>utramque</strong></span> <span class='ocrx_word' id='word_1_141' title='bbox 1076 2202 1197 2287; x_wconf 78' lang='lat' dir='ltr'><strong>iunge·</strong></span> 
     </span>
     <span class='ocr_line' id='line_1_19' title="bbox 112 2299 1200 2392; baseline -0.001 -20"><span class='ocrx_word' id='word_1_142' title='bbox 112 2330 149 2392; x_wconf 76' lang='lat' dir='ltr'><strong>re</strong></span> <span class='ocrx_word' id='word_1_143' title='bbox 163 2307 420 2387; x_wconf 79' lang='lat' dir='ltr'><strong>,multitudinis</strong></span> <span class='ocrx_word' id='word_1_144' title='bbox 437 2303 597 2369; x_wconf 86' lang='lat' dir='ltr'><strong>definitae</strong></span> <span class='ocrx_word' id='word_1_145' title='bbox 612 2313 669 2383; x_wconf 88' lang='lat' dir='ltr'><strong>,et</strong></span> <span class='ocrx_word' id='word_1_146' title='bbox 688 2299 889 2374; x_wconf 83' lang='lat' dir='ltr'><strong>indefinitae</strong></span> <span class='ocrx_word' id='word_1_147' title='bbox 898 2320 910 2378; x_wconf 84' lang='lat'>;</span> <span class='ocrx_word' id='word_1_148' title='bbox 931 2304 1048 2370; x_wconf 68' lang='lat' dir='ltr'><strong>norom</strong></span> <span class='ocrx_word' id='word_1_149' title='bbox 1058 2311 1175 2378; x_wconf 53' lang='lat' dir='ltr'><strong>hulralr</strong></span> <span class='ocrx_word' id='word_1_150' title='bbox 1184 2357 1200 2390; x_wconf 82' lang='lat'><strong>,</strong></span> 
     </span>
     <span class='ocr_line' id='line_1_20' title="bbox 115 2390 1282 2507; baseline 0 -27"><span class='ocrx_word' id='word_1_151' title='bbox 115 2419 202 2480; x_wconf 81' lang='lat' dir='ltr'><strong>trias</strong></span> <span class='ocrx_word' id='word_1_152' title='bbox 222 2412 552 2498; x_wconf 69' lang='lat' dir='ltr'><strong>piscis-&#39;multitud03</strong></span> <span class='ocrx_word' id='word_1_153' title='bbox 580 2419 615 2474; x_wconf 76' lang='lat' dir='ltr'><strong>ct</strong></span> <span class='ocrx_word' id='word_1_154' title='bbox 642 2410 792 2493; x_wconf 52' lang='grc' dir='ltr'><strong>ξένη-σθ’,</strong></span> <span class='ocrx_word' id='word_1_155' title='bbox 821 2425 942 2494; x_wconf 87' lang='lat' dir='ltr'><strong>pentas</strong></span> <span class='ocrx_word' id='word_1_156' title='bbox 963 2390 1209 2482; x_wconf 49' lang='lat' dir='ltr'><strong>ardea-mulsi?</strong></span> <span class='ocrx_word' id='word_1_157' title='bbox 1278 2494 1282 2507; x_wconf 38' lang='grc' dir='ltr'>Ι</span> 
     </span>
     <span class='ocr_line' id='line_1_21' title="bbox 112 2515 1196 2607; baseline -0.001 -21"><span class='ocrx_word' id='word_1_158' title='bbox 112 2524 221 2600; x_wconf 84' lang='lat' dir='ltr'><strong>tud03</strong></span> <span class='ocrx_word' id='word_1_159' title='bbox 252 2520 334 2584; x_wconf 87' lang='lat' dir='ltr'><strong>haec</strong></span> <span class='ocrx_word' id='word_1_160' title='bbox 354 2533 404 2583; x_wconf 84' lang='lat' dir='ltr'><strong>est</strong></span> <span class='ocrx_word' id='word_1_161' title='bbox 425 2519 515 2581; x_wconf 89' lang='lat' dir='ltr'><strong>enim</strong></span> <span class='ocrx_word' id='word_1_162' title='bbox 538 2518 686 2607; x_wconf 87' lang='lat' dir='ltr'><strong>genuina</strong></span> <span class='ocrx_word' id='word_1_163' title='bbox 714 2515 842 2581; x_wconf 85' lang='lat' dir='ltr'><strong>horum¹</strong></span> <span class='ocrx_word' id='word_1_164' title='bbox 866 2518 943 2598; x_wconf 87' lang='lat' dir='ltr'><strong>vis,</strong></span> <span class='ocrx_word' id='word_1_165' title='bbox 965 2540 1049 2603; x_wconf 91' lang='lat' dir='ltr'><strong>quae</strong></span> <span class='ocrx_word' id='word_1_166' title='bbox 1074 2520 1196 2599; x_wconf 78' lang='lat' dir='ltr'><strong>Latine</strong></span> 
     </span>
     <span class='ocr_line' id='line_1_22' title="bbox 116 2626 1194 2712; baseline -0.001 -20"><span class='ocrx_word' id='word_1_167' title='bbox 116 2630 164 2692; x_wconf 93' lang='lat' dir='ltr'><strong>sic</strong></span> <span class='ocrx_word' id='word_1_168' title='bbox 181 2631 367 2705; x_wconf 83' lang='lat' dir='ltr'><strong>dicuntur,</strong></span> <span class='ocrx_word' id='word_1_169' title='bbox 386 2640 453 2689; x_wconf 89' lang='lat' dir='ltr'><strong>tres</strong></span> <span class='ocrx_word' id='word_1_170' title='bbox 478 2629 591 2709; x_wconf 86' lang='lat' dir='ltr'><strong>pisces</strong></span> <span class='ocrx_word' id='word_1_171' title='bbox 607 2626 787 2710; x_wconf 76' lang='lat' dir='ltr'><strong>,quinque</strong></span> <span class='ocrx_word' id='word_1_172' title='bbox 809 2628 954 2702; x_wconf 70' lang='lat' dir='ltr'><strong>ardeae«.</strong></span> <span class='ocrx_word' id='word_1_173' title='bbox 981 2627 1058 2700; x_wconf 83' lang='lat' dir='ltr'><strong>Hoc</strong></span> <span class='ocrx_word' id='word_1_174' title='bbox 1077 2630 1194 2712; x_wconf 87' lang='lat' dir='ltr'><strong>itaque</strong></span> 
     </span>
     <span class='ocr_line' id='line_1_23' title="bbox 113 2733 653 2823; baseline -0.007 -22"><span class='ocrx_word' id='word_1_175' title='bbox 113 2751 217 2823; x_wconf 82' lang='lat' dir='ltr'><strong>paeto</strong></span> <span class='ocrx_word' id='word_1_176' title='bbox 238 2735 380 2801; x_wconf 86' lang='lat' dir='ltr'><strong>inualoit</strong></span> <span class='ocrx_word' id='word_1_177' title='bbox 402 2748 435 2797; x_wconf 91' lang='lat' dir='ltr'><strong>et</strong></span> <span class='ocrx_word' id='word_1_178' title='bbox 455 2733 542 2798; x_wconf 84' lang='lat' dir='ltr'><strong>alter</strong></span> <span class='ocrx_word' id='word_1_179' title='bbox 562 2752 653 2797; x_wconf 58' lang='lat' dir='ltr'><strong>vsuss</strong></span> 
     </span>
    </p>

    <p class='ocr_par' dir='ltr' id='par_1_10' title="bbox 85 2826 1257 3035">
     <span class='ocr_line' id='line_1_24' title="bbox 199 2826 1257 2930; baseline 0.002 -19"><span class='ocrx_word' id='word_1_180' title='bbox 199 2845 360 2912; x_wconf 89' lang='lat' dir='ltr'><strong>Similiter</strong></span> <span class='ocrx_word' id='word_1_181' title='bbox 392 2844 464 2930; x_wconf 83' lang='lat' dir='ltr'><strong>egit</strong></span> <span class='ocrx_word' id='word_1_182' title='bbox 492 2842 610 2930; x_wconf 80' lang='lat' dir='ltr'><strong>lingua</strong></span> <span class='ocrx_word' id='word_1_183' title='bbox 640 2847 675 2909; x_wconf 90' lang='lat' dir='ltr'><strong>in</strong></span> <span class='ocrx_word' id='word_1_184' title='bbox 709 2845 931 2928; x_wconf 84' lang='lat' dir='ltr'><strong>exprimenda</strong></span> <span class='ocrx_word' id='word_1_185' title='bbox 960 2826 1191 2930; x_wconf 81' lang='lat' dir='ltr'><strong>possessione.</strong></span> <span class='ocrx_word' id='word_1_186' title='bbox 1214 2901 1257 2923; x_wconf 81' lang='grc'><strong>,,</strong></span> 
     </span>
     <span class='ocr_line' id='line_1_25' title="bbox 85 2946 1192 3035; baseline -0.008 -13"><span class='ocrx_word' id='word_1_187' title='bbox 85 2981 88 2985; x_wconf 76' lang='grc'>’</span> <span class='ocrx_word' id='word_1_188' title='bbox 113 2954 290 3034; x_wconf 82' lang='lat' dir='ltr'><strong>Principio</strong></span> <span class='ocrx_word' id='word_1_189' title='bbox 313 2953 391 3016; x_wconf 87' lang='lat' dir='ltr'><strong>satis</strong></span> <span class='ocrx_word' id='word_1_190' title='bbox 419 2949 475 3014; x_wconf 88' lang='lat' dir='ltr'><strong>illi</strong></span> <span class='ocrx_word' id='word_1_191' title='bbox 499 2946 568 3013; x_wconf 87' lang='lat' dir='ltr'><strong>fuit</strong></span> <span class='ocrx_word' id='word_1_192' title='bbox 587 2952 720 3015; x_wconf 82' lang='lat' dir='ltr'><strong>nomini</strong></span> <span class='ocrx_word' id='word_1_193' title='bbox 743 2952 934 3035; x_wconf 88' lang='lat' dir='ltr'><strong>possidenti</strong></span> <span class='ocrx_word' id='word_1_194' title='bbox 963 2971 1033 3014; x_wconf 91' lang='lat' dir='ltr'><strong>non</strong></span> <span class='ocrx_word' id='word_1_195' title='bbox 1064 2949 1192 3013; x_wconf 85' lang='lat' dir='ltr'><strong>inflexo</strong></span> 
     </span>
    </p>
   </div>
   <div class='ocr_carea' id='block_1_9' title="bbox 115 3055 1313 3147">
    <p class='ocr_par' dir='ltr' id='par_1_11' title="bbox 115 3055 1313 3147">
     <span class='ocr_line' id='line_1_26' title="bbox 115 3055 1313 3147; baseline -0.006 -19"><span class='ocrx_word' id='word_1_196' title='bbox 115 3066 319 3146; x_wconf 81' lang='lat' dir='ltr'><strong>subiungere</strong></span> <span class='ocrx_word' id='word_1_197' title='bbox 341 3080 467 3126; x_wconf 86' lang='lat' dir='ltr'><strong>nomen</strong></span> <span class='ocrx_word' id='word_1_198' title='bbox 493 3080 711 3143; x_wconf 84' lang='lat' dir='ltr'><strong>possessum,</strong></span> <span class='ocrx_word' id='word_1_199' title='bbox 733 3072 869 3125; x_wconf 81' lang='lat' dir='ltr'><strong>auctum</strong></span> <span class='ocrx_word' id='word_1_200' title='bbox 895 3055 1000 3124; x_wconf 84' lang='lat' dir='ltr'><strong>affixo</strong></span> <span class='ocrx_word' id='word_1_201' title='bbox 1020 3062 1206 3147; x_wconf 59' lang='lat' dir='ltr'><strong>pronosim„</strong></span> <span class='ocrx_word' id='word_1_202' title='bbox 1301 3132 1313 3147; x_wconf 25' lang='grc' dir='ltr'><em>Α</em></span> 
     </span>
    </p>
   </div>
   <div class='ocr_carea' id='block_1_10' title="bbox 111 3165 1288 3585">
    <p class='ocr_par' dir='ltr' id='par_1_12' title="bbox 111 3156 1288 3585">
     <span class='ocr_line' id='line_1_27' title="bbox 113 3165 1190 3253; baseline -0.007 -18"><span class='ocrx_word' id='word_1_203' title='bbox 113 3191 179 3250; x_wconf 83' lang='lat' dir='ltr'><strong>ne,</strong></span> <span class='ocrx_word' id='word_1_204' title='bbox 209 3171 416 3253; x_wconf 78' lang='lat' dir='ltr'><strong>possidentis</strong></span> <span class='ocrx_word' id='word_1_205' title='bbox 442 3168 608 3239; x_wconf 83' lang='lat' dir='ltr'><strong>relatiuo:</strong></span> <span class='ocrx_word' id='word_1_206' title='bbox 635 3168 744 3244; x_wconf 66' lang='lat' dir='ltr'><strong>umber</strong></span> <span class='ocrx_word' id='word_1_207' title='bbox 771 3169 887 3241; x_wconf 57' lang='lat' dir='ltr'><strong>(let-e,</strong></span> <span class='ocrx_word' id='word_1_208' title='bbox 919 3165 1070 3230; x_wconf 86' lang='lat' dir='ltr'><strong>hominis</strong></span> <span class='ocrx_word' id='word_1_209' title='bbox 1096 3167 1190 3247; x_wconf 86' lang='lat' dir='ltr'><strong>vita,</strong></span> 
     </span>
     <span class='ocr_line' id='line_1_28' title="bbox 115 3264 1288 3366; baseline -0.005 -21"><span class='ocrx_word' id='word_1_210' title='bbox 115 3274 253 3366; x_wconf 74' lang='lat' dir='ltr'><strong>proprie</strong></span> <span class='ocrx_word' id='word_1_211' title='bbox 284 3280 392 3344; x_wconf 89' lang='lat' dir='ltr'><strong>homo.</strong></span> <span class='ocrx_word' id='word_1_212' title='bbox 424 3279 594 3343; x_wconf 86' lang='lat' dir='ltr'><strong>vita-eius.</strong></span> <span class='ocrx_word' id='word_1_213' title='bbox 635 3275 790 3351; x_wconf 83' lang='lat' dir='ltr'><strong>Postea,</strong></span> <span class='ocrx_word' id='word_1_214' title='bbox 817 3273 859 3336; x_wconf 83' lang='lat' dir='ltr'><strong>ad</strong></span> <span class='ocrx_word' id='word_1_215' title='bbox 880 3273 966 3345; x_wconf 78' lang='lat' dir='ltr'><strong>hant</strong></span> <span class='ocrx_word' id='word_1_216' title='bbox 988 3275 1190 3342; x_wconf 77' lang='lat' dir='ltr'><strong>relationem</strong></span> <span class='ocrx_word' id='word_1_217' title='bbox 1285 3264 1288 3269; x_wconf 36' lang='lat'>⁸</span> 
     </span>
     <span class='ocr_line' id='line_1_29' title="bbox 111 3382 1215 3469; baseline -0.007 -13"><span class='ocrx_word' id='word_1_218' title='bbox 111 3394 303 3458; x_wconf 86' lang='lat' dir='ltr'><strong>euidentius</strong></span> <span class='ocrx_word' id='word_1_219' title='bbox 333 3390 573 3462; x_wconf 68' lang='lat' dir='ltr'><strong>metuendam,</strong></span> <span class='ocrx_word' id='word_1_220' title='bbox 610 3382 737 3449; x_wconf 86' lang='lat' dir='ltr'><strong>adiecit</strong></span> <span class='ocrx_word' id='word_1_221' title='bbox 767 3395 802 3447; x_wconf 91' lang='lat' dir='ltr'><strong>et</strong></span> <span class='ocrx_word' id='word_1_222' title='bbox 828 3385 1020 3469; x_wconf 86' lang='lat' dir='ltr'><strong>possidenti</strong></span> <span class='ocrx_word' id='word_1_223' title='bbox 1051 3382 1215 3467; x_wconf 39' lang='lat' dir='ltr'><strong>affixum,</strong></span> 
     </span>
     <span class='ocr_line' id='line_1_30' title="bbox 115 3477 1189 3585; baseline -0.006 -19"><span class='ocrx_word' id='word_1_224' title='bbox 115 3505 179 3566; x_wconf 77' lang='lat' dir='ltr'><strong>nels</strong></span> <span class='ocrx_word' id='word_1_225' title='bbox 190 3546 202 3580; x_wconf 93' lang='lat'><strong>,</strong></span> <span class='ocrx_word' id='word_1_226' title='bbox 225 3502 320 3584; x_wconf 90' lang='lat' dir='ltr'><strong>quod</strong></span> <span class='ocrx_word' id='word_1_227' title='bbox 345 3497 477 3584; x_wconf 75' lang='lat' dir='ltr'><strong>origine</strong></span> <span class='ocrx_word' id='word_1_228' title='bbox 503 3513 563 3557; x_wconf 80' lang='lat' dir='ltr'><strong>sua</strong></span> <span class='ocrx_word' id='word_1_229' title='bbox 588 3513 713 3559; x_wconf 86' lang='lat' dir='ltr'><strong>nomen</strong></span> <span class='ocrx_word' id='word_1_230' title='bbox 731 3506 804 3574; x_wconf 84' lang='lat' dir='ltr'><strong>est,</strong></span> <span class='ocrx_word' id='word_1_231' title='bbox 829 3477 972 3560; x_wconf 75' lang='lat' dir='ltr'><strong>relatio:</strong></span> <span class='ocrx_word' id='word_1_232' title='bbox 994 3517 1098 3580; x_wconf 82' lang='lat' dir='ltr'><strong>quare</strong></span> <span class='ocrx_word' id='word_1_233' title='bbox 1123 3520 1189 3585; x_wconf 80' lang='lat' dir='ltr'><strong>enr-</strong></span> 
     </span>
    </p>
   </div>
   <div class='ocr_carea' id='block_1_11' title="bbox 22 3594 1338 3782">
    <p class='ocr_par' dir='ltr' id='par_1_13' title="bbox 22 3594 1338 3782">
     <span class='ocr_line' id='line_1_31' title="bbox 114 3594 1338 3695; baseline -0.002 -23"><span class='ocrx_word' id='word_1_234' title='bbox 114 3613 247 3674; x_wconf 79' lang='lat' dir='ltr'><strong>ber-net</strong></span> <span class='ocrx_word' id='word_1_235' title='bbox 271 3610 389 3685; x_wconf 82' lang='lat' dir='ltr'><strong>e&#39;let-e,</strong></span> <span class='ocrx_word' id='word_1_236' title='bbox 426 3623 544 3670; x_wconf 85' lang='lat' dir='ltr'><strong>reuera</strong></span> <span class='ocrx_word' id='word_1_237' title='bbox 573 3605 643 3695; x_wconf 78' lang='lat' dir='ltr'><strong>iam</strong></span> <span class='ocrx_word' id='word_1_238' title='bbox 674 3602 919 3693; x_wconf 73' lang='lat' dir='ltr'><strong>significantius</strong></span> <span class='ocrx_word' id='word_1_239' title='bbox 950 3603 1033 3680; x_wconf 75' lang='lat' dir='ltr'><strong>haec</strong></span> <span class='ocrx_word' id='word_1_240' title='bbox 1055 3607 1167 3673; x_wconf 90' lang='lat' dir='ltr'><strong>reddit</strong></span> <span class='ocrx_word' id='word_1_241' title='bbox 1175 3594 1189 3686; x_wconf 45' lang='lat'><strong>,¹</strong></span> <span class='ocrx_word' id='word_1_242' title='bbox 1264 3624 1274 3632; x_wconf 80' lang='grc'><strong><em>·</em></strong></span> <span class='ocrx_word' id='word_1_243' title='bbox 1332 3636 1338 3647; x_wconf 66' lang='grc'><strong>’</strong></span> 
     </span>
     <span class='ocr_line' id='line_1_32' title="bbox 22 3713 642 3782; baseline -0.002 -6"><span class='ocrx_word' id='word_1_244' title='bbox 22 3718 25 3729; x_wconf 88' lang='grc'><strong>’</strong></span> <span class='ocrx_word' id='word_1_245' title='bbox 117 3713 451 3777; x_wconf 82' lang='lat' dir='ltr'><strong>hominis-relatione</strong></span> <span class='ocrx_word' id='word_1_246' title='bbox 470 3714 642 3782; x_wconf 81' lang='lat' dir='ltr'><strong>vira-eius.</strong></span> 
     </span>
    </p>
   </div>
   <div class='ocr_carea' id='block_1_12' title="bbox 209 3770 868 3996">
    <p class='ocr_par' dir='ltr' id='par_1_14' title="bbox 209 3770 868 3996">
     <span class='ocr_line' id='line_1_33' title="bbox 215 3770 868 3925; baseline 0.011 -41"><span class='ocrx_word' id='word_1_247' title='bbox 215 3821 313 3902; x_wconf 69' lang='lat' dir='ltr'><strong>§.n</strong></span> <span class='ocrx_word' id='word_1_248' title='bbox 443 3770 868 3925; x_wconf 67' lang='lat' dir='ltr'><strong>oaurnrnrn</strong></span> 
     </span>
     <span class='ocr_line' id='line_1_34' title="bbox 209 3928 769 3996; baseline 0.007 -3"><span class='ocrx_word' id='word_1_249' title='bbox 209 3934 249 3994; x_wconf 81' lang='lat' dir='ltr'><strong>n.</strong></span> <span class='ocrx_word' id='word_1_250' title='bbox 528 3928 769 3996; x_wconf 79' lang='lat' dir='ltr'><strong>orrsnsrro.</strong></span> 
     </span>
    </p>
   </div>
   <div class='ocr_carea' id='block_1_13' title="bbox 73 4042 1189 4281">
    <p class='ocr_par' dir='ltr' id='par_1_15' title="bbox 73 4042 1189 4281">
     <span class='ocr_line' id='line_1_35' title="bbox 215 4042 1189 4143; baseline 0.004 -29"><span class='ocrx_word' id='word_1_251' title='bbox 215 4042 380 4116; x_wconf 86' lang='lat' dir='ltr'><strong>Nomina</strong></span> <span class='ocrx_word' id='word_1_252' title='bbox 406 4068 640 4117; x_wconf 84' lang='lat' dir='ltr'><strong>numerorum</strong></span> <span class='ocrx_word' id='word_1_253' title='bbox 674 4046 857 4119; x_wconf 81' lang='lat' dir='ltr'><strong>ordinalia</strong></span> <span class='ocrx_word' id='word_1_254' title='bbox 886 4056 928 4118; x_wconf 85' lang='lat' dir='ltr'><strong>&#39;ea</strong></span> <span class='ocrx_word' id='word_1_255' title='bbox 961 4059 1064 4134; x_wconf 88' lang='lat' dir='ltr'><strong>sunt,</strong></span> <span class='ocrx_word' id='word_1_256' title='bbox 1091 4068 1189 4143; x_wconf 85' lang='lat' dir='ltr'><strong>quac·</strong></span> 
     </span>
     <span class='ocr_line' id='line_1_36' title="bbox 73 4175 1181 4281; baseline 0.004 -35"><span class='ocrx_word' id='word_1_257' title='bbox 73 4269 92 4281; x_wconf 66' lang='lat'><em>„</em></span> <span class='ocrx_word' id='word_1_258' title='bbox 114 4175 278 4248; x_wconf 82' lang='lat' dir='ltr'><strong>indicant</strong></span> <span class='ocrx_word' id='word_1_259' title='bbox 295 4199 349 4249; x_wconf 83' lang='lat' dir='ltr'><strong>res</strong></span> <span class='ocrx_word' id='word_1_260' title='bbox 375 4193 587 4249; x_wconf 84' lang='lat' dir='ltr'><strong>numeratas.</strong></span> <span class='ocrx_word' id='word_1_261' title='bbox 614 4176 741 4253; x_wconf 82' lang='lat' dir='ltr'><strong>ordine</strong></span> <span class='ocrx_word' id='word_1_262' title='bbox 777 4181 871 4249; x_wconf 74' lang='lat' dir='ltr'><strong>intes</strong></span> <span class='ocrx_word' id='word_1_263' title='bbox 900 4200 939 4247; x_wconf 87' lang='lat' dir='ltr'><strong>se</strong></span> <span class='ocrx_word' id='word_1_264' title='bbox 973 4176 1181 4278; x_wconf 86' lang='lat' dir='ltr'><strong>dispositas.</strong></span> 
     </span>
    </p>
   </div>
   <div class='ocr_carea' id='block_1_14' title="bbox 880 4303 1008 4388">
    <p class='ocr_par' dir='ltr' id='par_1_16' title="bbox 880 4303 1008 4388">
     <span class='ocr_line' id='line_1_37' title="bbox 880 4303 1008 4388; baseline 0.102 -13"><span class='ocrx_word' id='word_1_265' title='bbox 880 4303 1008 4388; x_wconf 83' lang='lat'><strong>.84</strong></span> 
     </span>
    </p>
   </div>
   <div class='ocr_carea' id='block_1_15' title="bbox 0 0 1358 4844">
    <p class='ocr_par' dir='ltr' id='par_1_17' title="bbox 0 0 1358 4844">
     <span class='ocr_line' id='line_1_38' title="bbox 0 0 1358 4844; baseline 0 2"><span class='ocrx_word' id='word_1_266' title='bbox 0 0 1358 4844; x_wconf 95' lang='lat' dir='ltr'><strong> </strong></span> 
     </span>
    </p>
   </div>
  </div>
 </body>
</html>
