2708 4844
113 386 118 394 ,
185 298 246 392 ss‘·
490 302 821 376 usosoumu
854 304 883 382 ς.
906 297 952 368 11.

182 501 286 555 rems
307 491 368 561 vt,
393 456 438 547 ed
457 476 504 546 ad
526 497 727 547 consonam
751 470 1254 583 accedente,prioriuocali,

184 606 288 677 sicuti
318 607 354 674 in
386 606 664 674 consonantium
691 625 866 673 concursu
894 601 971 675 lieri
1001 599 1120 688 solet,
1147 625 1255 674 mora

183 733 348 806 addatur.
385 730 437 803 At
463 736 499 803 in
536 731 687 803 vocibus
720 734 918 827 separatis,
954 756 1014 809 ex.
1035 738 1257 833 gnme'rges

181 861 507 963 haldl,.virulenta
530 884 651 949 mors,
674 864 854 959 principio
877 883 1012 931 vocum
1025 860 1253 931 volunteun-

184 991 270 1061 dem
304 992 426 1062 lenem
461 1013 561 1076 osse,
597 1014 665 1084 pro
702 991 973 1083 simplicissima
1005 991 1253 1085 adspiratione

184 1118 449 1197 adhibendum.
488 1117 615 1191 Bonae
648 1119 885 1192 nibilominus
916 1143 1021 1191 aures
1046 1144 1130 1191 eum
1153 1138 1254 1192 vtro·

183 1252 292 1355 bique
313 1249 425 1320 modo
450 1248 584 1319 eodem
607 1271 740 1321 sonare
763 1251 980 1347 percipiunt.
1009 1247 1085 1320 Cur
1103 1274 1179 1323 nou
1200 1250 1255 1322 lu·

183 1378 245 1450 bet
267 1378 501 1473 aequabilem
524 1401 604 1487 esse
629 1402 702 1449 vsu·
721 1376 912 1476 utroque?

283 1507 323 1577 ln
354 1530 405 1576 eo
435 1521 627 1603 praeterea
659 1506 859 1580 differimus
886 1533 908 1578 a
933 1507 1065 1581 [atina
1087 1513 1254 1580 ratione:

180 1635 282 1732 (prod
306 1634 491 1706 vocalium
522 1633 718 1709 elisionem
748 1640 785 1708 in
818 1637 983 1709 versibus
1016 1638 1154 1708 nullam
1187 1635 1253 1707 ha·

183 1764 364 1854 beamus3
392 1767 458 1835 nisi
490 1786 602 1857 quam
627 1781 664 1836 et
686 1791 808 1838 sermo
839 1766 1001 1862 vulgaris
1031 1768 1196 1837 admittit·
1216 1767 1253 1835 in

181 1893 335 1965 vocibus
359 1886 563 1965 admodum
587 1899 738 1988 paucis,
759 1919 883 1992 err.gr.
907 1895 1026 1991 gazd'
1052 1893 1253 1992 aszszony,

64 2040 68 2049 ’
106 2064 111 2075 .
182 2048 421 2125 oeconoma,
444 2020 520 2096 hcil'
538 2025 659 2115 adds,
686 2028 1024 2124 gratiarumactio,
1048 2049 1115 2121 pro
1132 2025 1256 2123 guado

181 2156 381 2259 aszszony,
405 2144 502 2229 hu'ld
516 2158 625 2234 adds.

290 2287 453 2381 Quidam
477 2299 632 2381 poscunt
655 2282 902 2376 indulgentius
928 2285 1102 2355 concedi:
1128 2298 1170 2353 vt
1190 2307 1261 2354 von

185 2418 288 2491 culae
327 2412 627 2515 monosyllabae,
663 2411 787 2483 vocali
817 2414 1058 2501 terminatae,
1101 2415 1255 2485 omnino

182 2545 340 2627 breues.
365 2566 423 2617 ox.
444 2566 499 2641 gr.
523 2542 593 2627 lto,
621 2540 691 2624 de,
723 2551 787 2628 re,
813 2539 878 2624 Iri,
909 2541 981 2627 mi,
1009 2541 1061 2623 si,
1085 2537 1169 2625 sed,
1195 2554 1255 2627 tu,

184 2678 283 2773 quis,
309 2674 392 2771 qui,
422 2670 534 2771 quid,
560 2674 766 2766 promiscue
791 2672 902 2741 etiam
927 2694 994 2766 pro
1018 2671 1137 2764 longis
1163 2673 1256 2765 sumi

183 2804 338 2907 possint.
370 2798 447 2872 Nos
467 2822 513 2869 eo
537 2822 611 2869 non
635 2797 740 2870 lacile
764 2801 999 2872 inclinamus:
1027 2801 1111 2896 quia
1134 2803 1259 2870 carmi.

183 2952 229 3003 na
257 2942 402 3019 nostra,
427 2925 474 2995 ad
505 2948 656 2996 omnem
682 2929 860 3024 gratiam,
888 2928 1104 3043 omnimode
1137 2944 1258 3014 tersa,

160 3056 223 3132 'et
246 3050 358 3131 fluida
384 3077 463 3129 esse
487 3057 667 3148 cupimus⁶

287 3183 350 3257 Ad
372 3183 642 3283 etymologiam
664 3185 872 3279 portinent,
898 3206 1039 3282 suoque
1064 3184 1149 3254 loco
1171 3208 1256 3278 pro.

184 3312 290 3383 liuius
316 3312 564 3398 docebuntur,
598 3306 822 3407 pronomina
847 3312 1135 3386 demonstratiua
1165 3336 1256 3405 apo.

186 3455 337 3531 sopato,
357 3436 415 3525 α’,
438 3441 493 3526 e',
511 3441 594 3524 ille,
615 3443 684 3512 iste
692 3493 705 3528 ,
744 3443 930 3543 positione
949 3444 1080 3526 tacita,
1103 3461 1257 3510 essere.

186 3588 273 3637 uera
288 3588 353 3659 per
365 3586 508 3635 moram
526 3563 668 3663 longas
691 3593 786 3664 quae
810 3570 964 3666 proinde
979 3568 1259 3671 probioribus,

187 3696 287 3800 quod
311 3699 447 3792 passim
470 3697 531 3786 fit,
551 3723 747 3796 perperam
770 3709 865 3777 sumi
890 3709 1019 3815 cursim
1047 3704 1261 3783 indicamus.

284 3852 312 3929 s.
337 3848 383 3918 u.
484 3848 545 3913 un
566 3850 812 3945 onsurorus
833 3853 973 3926 Touo,

284 3962 325 4023 r.
472 3958 560 4028 tux
582 3962 829 4061 eruturus
852 3962 995 4034 unica,

296 4070 625 4162 Quemadmodum
650 4080 687 4148 in
714 4079 867 4148 vocibus
898 4103 971 4149 non
1005 4080 1165 4151 eundem
1199 4074 1262 4149 bar

113 4245 116 4250 -
188 4185 283 4271 beul
310 4213 440 4275 tonum
473 4202 638 4298 syllabae
671 4207 858 4302 singulae:
883 4208 935 4277 ita
959 4210 1071 4282 etiam
1096 4233 1207 4283 voces
1228 4210 1270 4286 iu
