2708 4844
420 301 482 365 ua
504 258 904 375 oarrrortrsrouo.
1142 326 1200 395 151

126 475 296 544 oratione
326 497 402 545 non
433 499 562 546 omnes
595 465 728 549 eadem
759 477 990 573 proferuntur
1015 482 1098 553 soni
1128 482 1203 555 ela·

126 605 241 673 tione.
272 601 348 672 Sed
373 599 566 675 discrimen
588 621 643 676 est
664 608 756 676 inter
786 623 913 679 tonum
936 610 1059 696 vocis,
1084 622 1123 679 et
1144 624 1203 683 to·

126 754 218 806 num
242 734 430 804 orationis.
478 729 577 803 Nam
611 751 719 804 tonus
749 741 873 827 vocis,
904 761 970 810 seu
997 741 1202 832 quantitas,

127 875 308 931 certarum
332 877 387 931 est
410 860 652 956 syllabarum:
680 867 858 936 orationis
881 860 972 938 vero
998 882 1106 951 tonus
1126 890 1203 939 non

126 984 293 1061 inhaeret
323 993 429 1061 certis
456 991 636 1080 vocibus;
665 997 732 1064 scd
760 995 922 1090 pendet,
955 1019 978 1066 a
1000 1021 1137 1092 scopo,
1163 1012 1204 1069 et

124 1140 224 1192 nexu
247 1115 429 1188 dictionis.
444 1118 511 1206 ·Is,
538 1125 600 1215 qui
624 1124 811 1217 loquitur,
834 1136 960 1217 potest
986 1147 1054 1218 pro
1084 1122 1204 1196 lubitu
1287 1124 1294 1151 ¹

125 1265 258 1322 tonum
284 1247 409 1319 indere
434 1252 519 1321 voci
539 1253 694 1348 cuique3
721 1251 770 1322 ad
799 1276 912 1348 quam
943 1253 1023 1323 vult
1047 1246 1202 1351 cumpri·
1269 1280 1272 1287 ·

127 1382 201 1453 mis
225 1382 422 1452 excitatam
444 1402 524 1452 esse
549 1381 775 1452 audientium
800 1383 1058 1460 attentionem.

230 1507 314 1613 Lex
343 1507 391 1578 de
411 1533 464 1580 eo
488 1511 672 1609 generalis
693 1509 786 1582 baec
810 1513 918 1583 vuica
951 1511 1027 1581 dari
1054 1526 1202 1606 potesta

126 1633 238 1709 ton'us
266 1639 442 1709 orationis
477 1639 552 1710 illic
581 1639 809 1727 intendatur,
834 1635 899 1712 vbi
924 1639 1094 1714 dictionis
1114 1641 1201 1730 vis,

126 1782 167 1843 et
185 1767 305 1839 maior
324 1766 566 1865 significatio,
593 1766 775 1839 exerenda
796 1783 865 1844 est.

227 1999 266 2065 B.
444 1996 582 2063 LEGrs
605 1997 887 2063 SINGVLARES.

236 2165 309 2240 Pet
329 2180 462 2239 tonum
484 2165 659 2243 orationis
680 2135 921 2260 exprimimus
942 2180 978 2237 et
997 2149 1111 2239 animi
1123 2188 1204 2240 mo·
1237 2152 1251 2269 ἶ
1281 2233 1287 2243 ,
1329 2187 1333 2194 ’

130 2314 188 2373 tus
211 2300 354 2383 varios:
382 2298 523 2391 dequo
544 2298 618 2366 iam
643 2295 845 2392 singulares
869 2287 952 2368 sunt
970 2296 1085 2395 leges.

233 2422 335 2494 Dum
355 2426 643 2520 interrogamus,
670 2423 1031 2501 attollimus.tonum
1061 2425 1099 2493 in
1130 2423 1203 2498 fine

133 2556 351 2630 sententiae.
377 2551 417 2620 ln
432 2548 762 2621 exclamationibus
783 2546 873 2623 ver'o
892 2551 1028 2624 elatam
1045 2554 1083 2622 in
1102 2557 1202 2649 prim·

131 2690 231 2782 cipio
253 2706 388 2758 vocem
411 2687 448 2754 in
472 2684 543 2755 line
571 2683 813 2755 demittimus.
865 2681 943 2756 Vbi
966 2707 1091 2756 sensus
1118 2693 1218 2757 sunt*

131 2818 261 2915 mites,
294 2831 332 2886 et
360 2816 498 2899 teneri,
529 2836 624 2884 voce
654 2815 793 2884 vtimur
820 2812 944 2900 lenta,
977 2811 1121 2898 sedata,
1163 2825 1203 2883 et

19 2908 24 2919 Ι
133 2944 295 3018 amabili.
331 2943 371 3015 In
400 2940 589 3015 affectibus
617 2934 742 3014 au'tem
773 2938 1113 3017 vehementioribus
1133 2961 1202 3010 vo·
1260 2948 1266 2979 ¹
1333 2976 1336 2980 ·

133 3099 215 3146 cem
240 3072 455 3146 adhibemus
479 3071 634 3144 celerem
647 3127 660 3161 ,
686 3075 930 3157 concitatam,
955 3087 992 3142 et
1008 3072 1204 3144 intensam.

219 3202 272 3274 -A
299 3218 414 3288 tono,
439 3203 529 3296 ipsis
545 3199 652 3271 rebus
672 3201 935 3270 conuenienter
947 3197 1205 3276 accommoda·
1283 3236 1286 3241 ·

135 3347 197 3424 to,
221 3334 315 3417 mira
332 3346 389 3407 est
405 3331 585 3420 sermonis
604 3344 642 3400 et
660 3330 800 3423 gratia,
825 3310 867 3398 et'
886 3323 1041 3402 claritas.
