2708 4844
558 295 788 378 maeno
996 309 1208 392 ,37

128 454 361 551 antiquitatis
386 430 569 549 quaedam
596 416 699 549 quasi
723 453 920 549 tabularia,
941 458 1101 531 lideliter
1122 432 1211 531 eon-
1273 535 1277 543 ,
1320 532 1330 543 ,

128 602 303 671 seruata,
332 586 500 662 inueniri.
662 646 672 675 κ
1055 591 1056 594 ’

234 712 286 787 Et
296 713 388 786 haec
400 736 512 808 porro
527 714 1002 812 antiquitas,perquireuda
1012 768 1023 803 ,
1033 731 1210 788 eteruen·

126 843 176 914 da
192 858 248 914 est
266 840 459 944 diligentia
479 865 553 911 non
568 841 746 945 mediocri
764 858 810 913 ex
824 843 1101 938 superstitibus,
1115 869 1210 940 quae
1237 900 1242 909 Ι

127 971 208 1043 dari
229 987 406 1068 possunt,
437 972 567 1042 aetatis
589 972 763 1066 cuiusque
785 956 1048 1053 monumentis.
1086 970 1210 1047 Habet

125 1104 231 1172 enim
253 1099 337 1188 illa,
363 1114 508 1195 praeter
527 1096 839 1187 delectationem,
862 1124 973 1195 quarn
995 1105 1050 1171 sui
1072 1102 1211 1174 studio·

127 1231 178 1302 sis
203 1234 334 1301 miram
359 1227 499 1317 adfert,
524 1228 725 1306 utilitatem
751 1250 900 1326 quoque
925 1231 962 1305 in
985 1227 1057 1302 hoc
1076 1227 1212 1305 laboris

123 1382 264 1460 genere
286 1356 548 1431 incredibilem.
1031 1334 1034 1339 Ι

152 1492 162 1523 “
232 1490 262 1568 Ι.
280 1487 388 1560 rutam
409 1491 594 1584 primum,
620 1487 720 1585 quod
742 1481 787 1559 de
808 1491 1070 1564 consuetudine
1088 1491 1208 1562 diuer-

124 1606 165 1691 sa
193 1620 405 1722 quaeritur,
434 1641 617 1713 quaenam
641 1620 686 1688 sit
705 1623 849 1716 potior,
874 1637 952 1692 turn
972 1621 1017 1691 de
1039 1643 1084 1694 ea
1109 1619 1234 1693 mul·'
1317 1606 1319 1613 ἲ

91 1750 107 1823 J
125 1764 165 1823 to
192 1751 324 1819 rectius
347 1746 491 1834 decerni
510 1750 670 1843 poterit:
700 1773 782 1819 curn
795 1803 807 1836 ,
833 1765 870 1822 et
894 1767 1017 1825 motus
1040 1754 1116 1822 eius
1141 1774 1207 1826 vt·

126 1881 196 1966 rii,
220 1892 259 1949 et
279 1870 505 1966 constantia,
525 1880 562 1947 in
585 1890 686 1949 tanta
706 1891 917 1972 temporum
940 1880 987 1950 ad
1009 1854 1212 1951 uoslraus·

126 2032 202 2106 que
227 2005 384 2078 deducta
406 2005 521 2088 serie,
549 1998 729 2099 tanquam
750 2007 787 2074 in
811 2005 956 2095 tabula,
984 2007 1138 2097 clarius,
1165 2031 1210 2082 ae

127 2135 262 2209 certius
286 2131 456 2219 distincta
480 2145 744 2223 proponentur.

232 2258 279 2334 ll.
305 2260 517 2343 Memorare
539 2258 659 2331 debeo
682 2283 792 2354 porro
817 2274 854 2332 et
883 2259 1029 2358 linguae
1060 2258 1207 2339 thesau.
1255 2354 1260 2359 Ι
1317 2256 1352 2299 ·’

125 2417 211 2469 rum
244 2389 317 2464 hoc
345 2402 455 2488 pacto
480 2388 639 2461 multum
665 2392 805 2484 augeri,
833 2413 876 2464 ac
896 2389 1077 2490 genuinae
1097 2394 1209 2488 patrii
1264 2434 1272 2443 »

128 2521 315 2596 sermonis
338 2519 538 2616 integritati
562 2517 747 2610 praeclare
772 2519 923 2593 consuli.
980 2588 985 2595 ,

234 2628 363 2719 Voces
385 2649 483 2717 enirn
507 2668 617 2741 quarn
638 2643 841 2741 plurimae,
857 2618 1212 2744 posterorum'incu-

128 2785 184 2851 ria
202 2778 417 2875 neglectae,
443 2788 480 2847 et
503 2775 578 2844 iam
600 2775 791 2864 exoletae,
807 2776 902 2846 aliae
924 2777 1103 2850 breuitate
1125 2803 1213 2850 con·
1263 2786 1266 2797 '
1289 2784 1293 2789 ’

132 2914 346 2997 cinniores,
379 2908 475 2978 aliae
511 2906 747 2978 deriuationis
774 2903 857 3003 lege
887 2911 1073 2988 sincerae,
1111 2910 1213 3000 ipsae

127 3057 328 3141 praeterea
353 3032 565 3131 frequentes
590 3035 823 3105 construendi
850 3039 1010 3106 rationes
1043 3059 1117 3105 non
1148 3056 1213 3128 pe·

133 3175 331 3269 regrinae,
357 3165 421 3240 sed
454 3188 540 3237 vere
567 3163 793 3245 domesticae
804 3188 816 3243 3
842 3183 918 3230 non
950 3178 1106 3258 possunt
1140 3160 1211 3235 hoc

128 3302 256 3375 studio
287 3322 362 3371 non
396 3319 513 3394 quam·
542 3293 756 3368 auidissime
785 3293 916 3384 arripi,
943 3315 983 3362 ac
1009 3295 1144 3365 sensim
1170 3295 1215 3365 ad

129 3449 241 3498 vsum
262 3426 442 3500 reuocari.
469 3419 633 3493 Maiores
657 3430 754 3486 certe
773 3420 908 3503 nostri,
931 3418 1079 3516 liuguae
1104 3440 1217 3517 vtpq.

135 3570 173 3627 te
199 3576 287 3628 suae
310 3550 512 3650 originibus
535 3550 656 3623 multo
676 3551 891 3646 propiores,
907 3575 1027 3647 neque
1051 3569 1128 3639 tarn
1149 3577 1215 3625 va-

130 3688 211 3771 rio,
241 3707 283 3753 ac
307 3683 475 3766 diuerso,
502 3695 544 3752 vt
572 3701 638 3750 nos
670 3682 743 3748 iam
765 3702 785 3750 a
806 3681 928 3773 pueris
949 3680 1123 3769 iacimus,
1149 3705 1214 3751 ore

129 3808 273 3896 locuti,
300 3810 426 3879 omnia
446 3809 536 3894 ista,
561 3807 773 3900 primaeuae
792 3804 940 3900 linguae
961 3806 1072 3901 genio
1101 3805 1219 3899 magis

130 3932 442 4020 accommodata,
468 3947 505 4003 et
519 3934 650 4028 magis
677 3947 778 4003 casta
801 3928 1016 4004 habuerunt.

242 4061 302 4138 ltt.
323 4062 434 4133 Addo
464 4065 539 4137 iam
567 4063 650 4149 illa,
675 4068 770 4154 quae
799 4056 944 4155 homini
977 4049 1220 4149 etymologo,

128 4200 180 4273 de
211 4194 321 4265 rectis
348 4190 592 4265 inflexionum
617 4187 761 4287 legibus
785 4167 973 4271 sollicito,
992 4181 1038 4252 ab
1063 4182 1234 4279 antiqui-¹

961 4312 1044 4410 Cs
