2700 4838
137 356 141 363 *
190 365 256 437 322
299 296 646 412 *rumorosus
666 343 707 407 Ρ.
728 342 755 407 r.
781 336 899 408 sacr.
917 342 964 408 11.
988 343 1082 425 cae.
1104 345 1133 409 1.
1181 412 1189 420 ,

678 510 769 577 ESZ.

289 616 418 713 Notans
434 641 538 703 porro
561 621 785 684 Grammatici
802 621 970 701 Hebraei,
994 621 1081 682 inter
1104 639 1190 701 quos
1211 631 1264 684 est

187 730 390 807 Michaelis,
419 732 473 792 vir
505 730 717 794 auctoritatis
752 730 943 795 maximae:
976 749 998 792 a
1030 730 1202 793 veteribus
1233 745 1263 798 n

190 843 302 927 (tou)
327 841 485 917 literam,
512 860 588 903 cum
608 838 662 903 illi
689 839 867 929 dagesch
857 859 1062 923 impressum
1084 861 1154 903 non
1175 839 1260 920 luit,

185 928 262 1014 c'um
288 949 390 1012 sibilo
412 951 673 1030 pronunciatam
691 948 818 1028 fuisse3
844 950 984 1033 proprie
1006 949 1118 1013 valere
1143 951 1261 1016 Arabi·
1346 968 1348 973 ·

185 1058 262 1124 c'um
283 1062 393 1136 erclis,
415 1058 654 1139 Graecume,
676 1058 728 1123 vel
753 1060 936 1148 Anglicum
956 1063 1006 1125 th.
1029 1063 1184 1127 sedeam
1196 1063 1264 1124 He-

183 1172 277 1234 braei
302 1166 462 1231 hodierni
483 1188 661 1232 consonae
684 1194 702 1231 s
727 1190 812 1234 sono
841 1183 942 1235 acuto
969 1176 1184 1254 exprimunt.
1207 1191 1262 1239 ex

184 1296 236 1364 gr.
248 1265 474 1382 nlilibril
414 1279 629 1363 ,l,amdnusz
641 1283 913 1360 nonulmdnutlr,
930 1283 1100 1360 viduitas;
1114 1270 1260 1386 tilbtla,

181 1354 318 1471 gulusa,
343 1369 410 1450 uon
430 1391 575 1472 galath,
597 1392 791 1471 captiuitas.
830 1394 903 1455 Hoc
924 1413 950 1465 n
980 1393 1092 1477 (rav)
1117 1357 1261 1457 liebrai·
1346 1464 1349 1471 Ι

184 1517 261 1560 cum
281 1497 442 1560 conuenit
468 1500 724 1578 quodammodo
752 1519 829 1562 curn
856 1501 979 1563 Latmo
1003 1516 1041 1565 t
1063 1501 1199 1581 quando
1222 1501 1259 1561 id

183 1588 301 1670 antc'i
322 1618 389 1669 stat
408 1618 633 1685 consequente
652 1605 721 1667 alia
739 1606 866 1683 vocali,
892 1627 944 1668 ex.
966 1627 1019 1689 gr.
1042 1609 1171 1682 Titius,
1203 1609 1254 1668 Ti·

109 1694 118 1705 ·
182 1720 244 1792 rii,
276 1716 366 1776 Titio
403 1715 616 1796 (Michaelis
642 1713 789 1776 Grumm.
816 1716 917 1778 Hebr.
944 1713 1039 1780 Libr.
1059 1717 1089 1778 Ι.
1116 1717 1197 1796 Cap.
1222 1718 1252 1779 I.

183 1819 213 1911 b.
234 1842 265 1906 3.
279 1827 305 1914 )
329 1822 435 1889 Addit
453 1818 651 1904 Hempelius
675 1821 735 1900 (in
750 1824 879 1885 Primis
891 1824 1042 1908 Linguae
1058 1826 1162 1886 Hebr.
1179 1827 1256 1890 Ele·

182 1928 328 2020 meniis)
347 1953 372 2004 n
398 1934 516 2019 (rav)
532 1933 654 1999 literae
676 1933 824 1999 sibilanti
840 1950 907 2008 ctu
933 1931 1096 2020 (daleth)
1120 1934 1261 1999 literam

183 2048 267 2113 olim
287 2066 392 2129 aeque
414 2044 619 2109 sibilantem.
654 2045 722 2109 Sed
740 2044 932 2109 Buxtorfius
950 2044 1016 2108 hoc
1039 2059 1061 2120 ‘r
1086 2049 1260 2131 (daleth)

182 2159 399 2239 adspiratum
411 2202 421 2234 ,
434 2157 506 2217 siue
518 2154 622 2217 molle
633 2202 646 2235 ,
665 2153 767 2236 quale
782 2155 846 2234 sit,
859 2155 909 2216 ait
920 2202 932 2233 ,
946 2174 1013 2217 nos·
1022 2151 1126 2217 hodie
1139 2156 1197 2221 vix
1208 2175 1258 2220 as-

174 2268 289 2349 sequi.
313 2267 505 2356 NonUenim
526 2263 625 2327 aliter
641 2265 868 2345 pronunciare
881 2264 1061 2328 didicimus
1074 2268 1110 2329 D
1119 2313 1131 2346 ,
1143 2286 1256 2349 prosc-

93 2368 97 2381 '
153 2378 299 2461 ,quitur
329 2392 460 2455 porro,
485 2393 587 2456 quam
615 2371 788 2453 quomodo
815 2383 918 2435 sonat
942 2375 978 2435 D
1003 2374 1190 2454 Latinum,
1220 2387 1256 2438 et

184 2481 371 2568 Mlielta)
392 2484 571 2547 Graecum.
604 2480 682 2543 Non
703 2482 840 2560 putauit
861 2480 925 2544 huc
948 2504 986 2546 ea
1010 2485 1143 2564 valere,
1167 2505 1253 2566 quae

181 2597 223 2660 de
241 2597 372 2656 Graeco
395 2584 574 2676 Malaita)
598 2591 633 2651 in
651 2589 893 2653 Grammaticis
911 2607 1096 2658 notantur:
1118 2614 1192 2657 eam
1211 2593 1253 2656 li

71 2752 74 2759 .
179 2719 290 2768 teram
318 2703 354 2766 in
382 2702 585 2784 quibusdam
611 2696 765 2760 dialectis
796 2702 871 2782 <et
894 2726 916 2762 σ
939 2703 1039 2781 (zeta
1062 2715 1098 2765 et
1115 2706 1250 2787 signio)

65 2889 69 2897 Ι
184 2831 345 2892 sonasse,
360 2810 506 2893 proinde
530 2825 647 2869 reuera
670 2826 748 2868 cum
772 2808 873 2872 sibilo
894 2816 1153 2891 pronuntiatam
1173 2812 1253 2875 suis-

181 2942 228 2986 se.
254 2923 308 2988 Sic
327 2940 379 2983 ex·
398 2936 449 3003 gr.
469 2917 661 2979 Atticorum
681 2904 756 2989 risio
767 2962 779 2993 ,
803 2921 934 2995 orric-u,
956 2916 1033 2980 aliis
1058 2916 1125 2981 fuit
1144 2917 1252 3005 κνι’ζα;

179 3033 368 3095 Doriorum
387 3015 484 3108 μαὸὸς
498 3074 507 3103 ,
520 3046 660 3085 mommo
672 3071 684 3102 ,
696 3024 770 3086 aliis
789 3022 899 3111 itaKdg.
920 3026 1032 3088 Etiam
1052 3043 1073 3102 7
1095 3028 1251 3120 (daleth)

178 3138 385 3203 Hebraicum
406 3135 442 3196 in
457 3129 604 3197 dialecto
624 3135 769 3196 Arabica
790 3134 986 3217 plerumque
1008 3135 1145 3200 sibilat:
1155 3126 1261 3225 ,quod'

181 3251 251 3311 iam
273 3247 419 3311 vidi-mus
443 3245 480 3304 in
498 3244 585 3323 *titii
609 3241 735 3331 (mod)
752 3244 944 3322 adiectiuo,
958 3246 1118 3308 Hebraici
1137 3266 1252 3329 super-

182 3353 279 3418 latiui
296 3353 504 3432 formation,
527 3330 621 3434 quod
637 3355 762 3416 Arabes
782 3358 839 3438 up
862 3351 998 3441 (musa)
1023 3354 1150 3418 dicunt.

275 3463 349 3525 Iam
378 3483 420 3524 ex
448 3462 500 3526 his
521 3463 620 3527 facile
642 3467 882 3548 consequitur,
909 3476 1037 3527 veteres
1057 3464 1250 3552 neglexisse

181 3569 331 3657 dagesch
355 3575 391 3635 in
419 3573 574 3637 secundis
599 3594 733 3657 quoque
755 3576 935 3639 verborum
955 3577 1107 3657 personis
1120 3621 1132 3652 ,
1153 3537 1251 3656 [irae-

182 3683 300 3745 sertim
326 3679 552 3775 foemininis,
585 3666 780 3767 dictumque
808 3684 909 3747 fuisse
940 3685 1007 3748 illis
1037 3706 1098 3768 pro
1127 3691 1252 3749 kretai-t

179 3794 346 3878 liutolfi,
376 3813 439 3874 pro
464 3797 606 3874 poliuti-c
631 3796 804 3876 polrud-sz.
840 3794 927 3857 Nam
950 3811 976 3864 n
1001 3799 1110 3880 gtuv)
1131 3796 1252 3873 litera,

179 3920 264 3965 sono
297 3899 414 3967 literae
441 3918 457 3971 e
485 3922 669 3987 expressa,
693 3882 827 3965 adiecta
853 3905 875 3964 la
901 3905 1152 3986 adspiratione,
1176 3907 1251 3985 tlte,

32 4036 36 4043 ·
115 4053 120 4071 ι
177 4010 332 4093 huncque
353 4010 496 4075 halitum
517 4013 617 4076 simul
641 4013 853 4094 exprimendi
879 4029 1003 4076 conatu
1015 4059 1026 4089 ,
1052 4025 1171 4096 suapte
1192 4035 1250 4077 na·

179 4134 254 4185 tura
273 4120 435 4202 procliuis
456 4134 506 4184 est
525 4124 560 4184 in
583 4122 729 4186 sibilum.
761 4123 909 4185 Proinde
931 4137 964 4184 et
986 4123 1097 4203 ipsum
1119 4144 1249 4207 prono·

178 4249 255 4296 men
273 4234 331 4336 Πξέ
358 4224 464 4314 (att)
474 4275 487 4313 ,
501 4228 659 4318 neglecto
678 4227 844 4321 dagesch,
865 4241 900 4295 et
917 4231 1077 4299 restituta
1094 4233 1248 4317 adspira-
