2708 4844
146 290 190 361 ro

146 457 316 555 iunctae,
344 448 433 524 illae
465 475 623 548 nempe,
653 475 741 552 quas
770 453 845 522 iam
875 448 974 538 dixi,
1008 449 1225 555 orientales,

145 598 184 655 et
201 583 517 678 septentrionales.

250 709 333 810 Ego
356 736 466 800 sane,
487 711 634 783 insolita
650 684 825 783 liactenus
842 713 1085 792 scrutatione,
1106 735 1221 807 quan-

78 873 80 877 <
146 855 184 910 ta
211 842 248 910 in
274 845 439 937 utrisque
472 824 702 928 inuenerim,
728 839 857 936 quibus
884 834 1009 935 lingua
1038 854 1161 911 nostra
1186 855 1224 910 ct

146 953 331 1060 firmatur,
345 989 382 1041 et
404 958 577 1092 augetur;
605 972 721 1042 multa
742 968 994 1040 lucubratione
1017 993 1120 1056 mea,
1146 993 1228 1040 mo·

60 1111 62 1115 '
147 1098 227 1169 do
217 1125 254 1170 ιη
272 1103 393 1172 lucem
414 1117 535 1170 emrttr
552 1101 692 1194 possit
704 1098 859 1192 copiose
881 1096 1103 1190 aliquando,
1120 1111 1156 1166 et
1172 1097 1226 1165 lu

103 1295 107 1310 ,
148 1230 309 1301 culenter
339 1229 549 1301 ostendam
582 1224 854 1298 Grammatica
877 1223 1028 1320 quidem
1058 1245 1142 1296 mea
1169 1224 1228 1296 his

147 1375 203 1433 est
229 1357 459 1434 adminiculis
480 1375 517 1429 et
538 1357 684 1444 clarior,
710 1371 746 1426 et
768 1355 916 1427 firmior.
958 1353 1153 1446 Quaedam
1180 1355 1227 1428 de

62 1470 82 1557 ,⁸
148 1467 335 1588 plurimis,
361 1512 455 1585 quae
480 1485 552 1559 hoc
579 1488 706 1584 aliquo
734 1486 849 1558 modo
882 1483 1013 1555 saltem
1042 1486 1225 1573 indicent,
1263 1524 1268 1533 ·

150 1622 281 1690 cursim
308 1622 502 1716 attingam

253 1745 286 1824 l.
313 1748 353 1819 In
375 1746 573 1827 verborum
595 1768 662 1839 per
682 1766 858 1839 personas
881 1744 1082 1821 inflexione
1100 1743 1260 1841 termig

150 1881 342 1961 nationes,
364 1901 458 1972 quae
481 1873 567 1947 addi
592 1875 732 1960 solent,
753 1875 980 1968 pronomina
1003 1895 1083 1945 esse
1102 1895 1230 1971 perso·

147 2007 267 2095 utilia,
293 2009 395 2104 quod
425 2007 566 2080 dudum
596 2003 827 2104 suspicabar,
863 2005 1054 2102 aliquanto
1081 2005 1230 2075 vberius

127 2224 129 2229 Ι
151 2134 263 2208 didici
284 2140 681 2233 antiquitatis'nostrae
702 2137 849 2224 stu'dio,
874 2161 919 2206 ex
941 2138 1108 2231 personis
1137 2157 1230 2205 non·
1257 2114 1259 2119 ⁷

149 2267 261 2363 nullis
288 2267 530 2351 auctioribus,
555 2280 592 2333 et
613 2261 732 2334 adhuc
752 2263 915 2339 rudibus.
944 2263 1123 2335 Nondum
1139 2288 1230 2375 vero

7 2480 11 2491 ι
61 2379 62 2383 ¹
149 2395 252 2467 idem
275 2396 311 2462 in
336 2393 507 2464 omnibus
528 2408 606 2465 tam
633 2394 727 2475 clare
743 2392 835 2462 vidi.
864 2391 938 2465 Sed
958 2393 1149 2464 Hebraeae
1164 2416 1226 2465 me

21 2541 45 2580 “-
77 2506 92 2537 ³
152 2521 433 2626 Grammaticae
467 2520 527 2594 hic
559 2524 673 2620 paulo
707 2522 942 2595 audaciorem
977 2522 1228 2594 reddiderunt.

135 2622 333 2725 ¹Distincte
354 2657 464 2755 pnim
499 2654 658 2744 docent,
700 2677 795 2750 quae
822 2653 945 2726 verbis
979 2655 1155 2728 accedunt
1182 2654 1231 2726 ad

153 2764 371 2856 formandas
401 2810 530 2858 eorum
557 2810 754 2882 personas,
786 2809 829 2857 ea
854 2808 983 2856 reuera
1006 2787 1229 2882 pronomina

151 2937 232 2988 esse
255 2917 480 3031 personalia
507 2913 650 2988 Eadem
669 2916 838 2986 tradunt
833 2932 883 2987 et
905 2916 1103 2991 Fennicae.

268 3048 413 3141 Quare,
452 3040 617 3119 adhibita
655 3046 940 3148 inuestigatione
975 3045 1234 3143 profundiore,

151 3195 280 3251 nostra
313 3205 397 3252 curn
427 3183 593 3277 utrisque
623 3203 865 3275 comparans,
905 3180 1029 3272 inueni
1059 3176 1232 3249 tandem:

1 3323 18 3332 ··
107 3366 110 3371 .
153 3305 194 3376 ἱη
219 3295 348 3377 eadem
369 3304 517 3405 'prorsus
540 3332 717 3405 personas
747 3305 931 3385 formandi
956 3309 1100 3378 ratione
1121 3311 1233 3376 etiam

153 3433 354 3531 formatiua
377 3439 457 3528 ipsa
475 3439 586 3532 plane
608 3439 743 3516 eadem
767 3461 869 3526 esse,
895 3451 931 3507 et
948 3452 1070 3507 nostra
1079 3452 1141 3523 ,et
1161 3435 1235 3505 He·

153 3562 304 3648 braina,
330 3578 368 3632 et
390 3561 576 3644 Fennica3
604 3542 826 3659 pronomina
853 3566 989 3636 scilicet
1007 3564 1235 3660 personalia,

156 3708 194 3767 et
215 3690 321 3764 nobis
344 3715 426 3762 cum
448 3693 493 3762 iis
521 3697 754 3782 communia,
779 3694 827 3765 ab
857 3687 990 3767 eadem
1015 3696 1134 3789 prima
1164 3695 1235 3766 ori-

145 3796 242 3920 'gine
263 3819 444 3916 deducta3
472 3822 597 3915 paucis
622 3836 763 3894 tantum
794 3796 1091 3894 mutationibus
1090 3825 1234 3893 varian-

55 4013 59 4021 ,
119 3956 231 4039 ·tia,
253 3977 322 4050 pro
340 3951 482 4022 diuersa
504 3944 716 4042 euphoniae
730 3955 895 4039 ratrone
901 3950 1132 4046 singulrshrs
1148 3974 1235 4057 gen

155 4079 272 4170 tibus,
297 4096 375 4155 tarn
393 4049 524 4174 longe,
552 4091 703 4174 tamque
734 4079 874 4153 dudum
896 4080 1089 4168 seiunctis,
1115 4078 1287 4219 magis

157 4209 422 4307 accommoda,
446 4224 483 4280 et
507 4209 719 4307 propris
882 4230 886 4239 ’
1182 4170 1287 4295 r'1⁶⁵‘
