2708 4844
136 424 139 429 ¹
190 345 258 424 426
331 290 648 407 nmuiouocms
669 340 710 405 n
732 340 758 406 1.
784 339 901 406 sucu.
921 342 965 406 11.
998 308 1091 407 cn.
1116 348 1160 413 n.

294 530 326 576 m
411 534 417 541 ·
623 456 858 572 nLTssRn

303 624 429 696 Altera
457 620 722 693 redditiuorum
747 626 979 727 composita,
1010 616 1278 722 cespondeutiu
1309 663 1314 688 ·

203 752 464 848 interrogatiuo
500 751 604 822 alteri
630 755 798 848 mennyi,
825 776 943 849 aeque
972 752 1045 825 duo
1077 773 1184 832 sunt:
1216 785 1280 830 en·

35 914 41 921 ·
89 918 108 946 ··
199 887 273 981 nyz'¹
290 904 371 954 cum
406 883 636 976 propinquo,
677 889 796 977 unnyc'
826 907 908 953 cum
949 903 1093 958 remoto
1123 912 1279 984 compa«

157 1036 280 1099 „rans
292 1065 304 1100 ,
342 1025 419 1081 tam
436 1031 613 1108 maignus,
640 997 788 1097 tantus,
818 1014 933 1082 etiam
953 1029 1020 1086 tot.

284 1129 448 1204 ‘Horum
475 1156 558 1227 pars
592 1155 831 1244 componens
853 1142 1035 1229 posterior
1064 1139 1155 1235 nyz‘,
1183 1138 1276 1210 olim

118 1282 122 1291 '
203 1272 299 1367 nyes,
329 1267 497 1337 nominis.
512 1261 639 1333 valore
666 1280 720 1339 est
742 1264 953 1361 quantitas,
971 1271 1203 1367 magnitudo.

304 1392 428 1485 Quar'e
463 1375 766 1489 interrogatiuum
805 1399 863 1467 mi
886 1409 967 1468 cum
992 1395 1063 1469 huc
1089 1399 1275 1494 composi-

198 1537 304 1611 tum,
325 1523 445 1593 forma
469 1522 576 1603 rudi,
592 1527 754 1621 minye,
779 1537 816 1592 ct
839 1526 1008 1601 vocalem
1032 1527 1272 1623 htiitts‘qoca-

195 1652 225 1759 li
244 1647 531 1722 accommodans
552 1655 711 1755 munye‘,
723 1649 855 1724 deinde
873 1657 1034 1749 nte-nst,
1056 1660 1276 1725 sonantiore

197 1785 346 1855 demum
388 1784 631 1881 pronunciata
663 1787 873 1881 many-nyi,
901 1790 1070 1882 mennyi,
1108 1789 1274 1882 genuine

147 1934 154 1947 ⁸
195 1912 288 1986 haec
312 1910 456 1987 reddit:
476 1936 570 2007 quae
595 1915 798 2008 quantitas,
820 1937 914 2010 quae
935 1915 1178 2008 magnitud03
1204 1913 1272 1985 sed

195 2067 266 2115 vsu
291 2047 476 2114 communi
500 2045 573 2112 iam
590 2042 759 2114 adiectiui
785 2046 950 2114 valorem
973 2044 1130 2140 accepit,
1155 2065 1272 2138 quan·

125 2202 128 2207 ·
194 2187 279 2256 tm,
304 2196 415 2268 quam
437 2194 614 2268 magnus,
642 2172 755 2241 etiam
776 2187 881 2273 quot.
1062 2146 1096 2207 x
1177 2222 1196 2248 ,

301 2296 477 2370 Similiter
497 2299 719 2393 pronomina
740 2297 1028 2371 demonstratiua
1048 2299 1098 2371 illi
1121 2274 1273 2372 coniunss‘

195 2445 254 2501 cta
273 2429 423 2526 ez-nyz',
448 2409 638 2519 uz·nyl,'z
654 2444 838 2503 consona,
857 2419 1034 2493 halituum
1061 2450 1166 2498 more
1185 2452 1267 2500 mu·

192 2555 323 2661 tabili,
346 2577 387 2623 ac
408 2565 604 2648 propterea
630 2551 796 2646 sequenti
815 2573 998 2624 consonae
1022 2578 1101 2624 sese
1124 2557 1265 2627 assimi-

165 2722 168 2727 -
193 2676 318 2769 laute,
340 2683 514 2776 eny·nyi,
537 2681 695 2774 any-nyi
706 2724 720 2758 ,
746 2675 924 2746 scribendi
958 2680 1182 2774 compendio
1204 2706 1265 2754 en·

192 2812 281 2905 nyc‘,
302 2809 442 2903 annyi,
468 2804 557 2876 dant
579 2802 783 2875 redditiuat
806 2807 963 2903 genuina
985 2802 1268 2906 quidem'signi'-

191 2939 384 3026 ficatione,
415 2936 507 3013 haec
547 2936 751 3030 quantitas,
789 2914 880 3005 haec
915 2937 1158 3030 magnitudo,
1199 2940 1264 3015 illa

191 3070 398 3162 quantitas,
432 3065 493 3136 illa
518 3062 732 3162 magnitudo
749 3085 760 3142 ;
783 3061 848 3133 sed
877 3087 943 3134 vsu
978 3066 1053 3135 iam
1086 3083 1262 3165 recepto,

187 3212 340 3290 tantus,
371 3215 446 3269 tant
471 3218 653 3290 maguus,
687 3209 729 3272 vt
760 3189 839 3280 hic,
877 3194 938 3263 trel
978 3193 1072 3280 ille,
1099 3219 1263 3290 quocum

189 3323 229 3394 fit
249 3331 505 3418 comparatio,
534 3347 615 3393 cum
649 3310 927 3395 demonstratiui
950 3323 1175 3408 discrimine3
1207 3334 1260 3395 sic

189 3455 299 3524 etiam
327 3467 406 3536 tot,
431 3467 520 3545 quot
543 3454 634 3538 ista,
656 3466 731 3538 tot,
757 3469 845 3548 quot
875 3450 950 3525 illa.

288 3572 585 3654 Compositionem
614 3575 854 3662 interrogatiui
882 3578 959 3641 dico
989 3594 1061 3641 esse
1080 3556 1160 3641 cum
1189 3583 1263 3660 mi,

187 3686 313 3771 nti-ny&
326 3734 336 3761 ,
360 3700 393 3748 et
415 3683 523 3747 vocali
543 3700 773 3772 congruenter
798 3699 929 3750 mutata
957 3689 1104 3773 nze-nysi,
1135 3689 1263 3755 deindo

187 3801 328 3876 me-nyit
349 3795 428 3877 quia
453 3805 488 3856 et
511 3793 577 3858 alia
598 3813 674 3858 cum
701 3792 766 3860 hoc
788 3790 869 3859 ⁴sunt
889 3799 1103 3880 composita,
1133 3820 1186 3864 ex.
1206 3822 1260 3888 gr.

189 3910 379 3993 mi-c'llyen,
403 3898 533 3970 deindo¹
556 3909 690 3984 mi-crt,
709 3923 810 3988 quam
840 3908 885 3970 ob
914 3926 1095 3987 caussam,
1127 3910 1258 3993 quarc3

108 4092 115 4117 ι
189 4038 274 4101 quae
298 4016 466 4083 vocalium
486 4016 703 4079 concretione
728 4017 884 4080 abierunt
906 4020 941 4084 in
966 4022 1121 4102 mlllyen,
1157 4025 1257 4116 mett.

184 4125 224 4190 In
257 4127 488 4191 vetustissima
519 4115 734 4188 Atlocu'tione
771 4121 915 4191 Funebri
948 4131 1097 4193 occurrit
1123 4139 1258 4214 merui,

182 4251 340 4333 consona·
355 4254 424 4299 uon
443 4232 618 4320 geminata
627 4279 640 4316 ‚
655 4253 732 4299 cum
753 4246 848 4304 tauto
862 4237 1006 4306 clariore
1027 4239 1157 4306 indicio
1169 4242 1265 4325 priua

7 4338 102 4401 m„
403 4350 409 4360 ’
