2708 4844
475 359 739 430 ,mom
1119 298 1161 461 s's

63 523 263 611 firmatur,
301 543 379 619 quo
416 537 474 594 est
500 522 690 623 analogia·
716 525 939 621 constituta,
979 556 1055 629 quo
1092 557 1157 609 en-
1193 588 1196 599 ι
1283 554 1286 566 ·

62 655 230 752 phonia.
637 734 640 743 ,
703 742 708 747 ⁴
763 744 768 749 ,

177 780 367 881 Analogia
395 805 508 882 porro
537 779 659 852 facem
689 783 850 878 praefert
878 754 1181 889 etymologiam⁸

10 910 13 915 ’
37 980 41 997 ‚
61 907 136 982 sed
162 925 203 982 et
224 913 294 980 ista
308 910 506 985 famulatur
522 925 688 996 tanturn,
701 937 778 983 non
802 913 1002 1011 praecellit.
1032 920 1155 1017 Siqui-

63 1039 156 1115 dem
188 1055 227 1110 et
254 1040 344 1112 hae-c
368 1038 552 1137 frequenti
573 1039 831 1114 interturbatur
852 1047 1066 1126 anomalia:
1092 1075 1155 1145 ¹cu·¹

63 1174 122 1241 ius
148 1171 313 1241 rationes
338 1171 471 1242 iterum
498 1154 729 1270 etymologia
755 1174 921 1264 euoluit,
949 1193 989 1246 et
1015 1183 1054 1249 in
1086 1206 1180 1275 nu.¹
1219 1220 1222 1227 -
1325 1166 1328 1173 ’

63 1318 142 1370 stra
158 1299 312 1392 quidem
333 1299 459 1396 lingua
481 1316 523 1371 vt
536 1301 745 1394 plurimum,
758 1301 971 1399 euphoniae
988 1310 1151 1393 auxili0;
1174 1285 1179 1293 ’

53 1452 185 1538 Δφηιο,
210 1444 254 1498 vt
272 1431 347 1500 iam
368 1452 476 1524 supra
496 1428 698 1501 indicatum
720 1416 798 1524 est,
830 1456 911 1506 sese
933 1402 1072 1535 ubique
1097 1442 1155 1510 ni·
1236 1440 1243 1457 ‘

63 1562 189 1632 mium
214 1560 452 1637 intermiscet.

171 1686 303 1784 Itaque
323 1692 361 1760 in
380 1689 529 1785 linguae
549 1704 698 1765 nostrae
712 1690 858 1784 studio,
882 1695 912 1766 si
931 1696 1011 1791 quis
1028 1697 1151 1773 solam

64 1832 246 1914 sequatur
267 1815 595 1923 consuetudinem
619 1845 695 1891 non
723 1823 839 1913 modo
870 1849 1000 1920 parum
1023 1810 1167 1905 admo?
1245 1816 1249 1831 ’

63 1947 156 2021 rium
178 1949 409 2046 profecturus
431 1968 486 2020 est
499 1977 512 2039 ς
525 1974 654 2021 verum
674 1954 787 2035 etiam
808 1953 849 2022 in
872 1960 1151 2050 errores-mpie-
1224 1992 1227 2002 ·

63 2095 121 2151 tur
137 2103 257 2175 quarn
278 2077 468 2175 plurimos.
498 2077 574 2170 Qui
596 2102 686 2151 vero
705 2080 976 2177 etymologiam
997 2067 1156 2173 consue-⁸

62 2211 189 2281 tudini
228 2211 427 2304 prudenter
459 2210 640 2300 iunxerit:
679 2212 890 2304 optimam,
927 2229 965 2284 et
997 2212 1151 2285 vtilissi·

39 2350 179 2413 ¹'mam'
192 2342 376 2417 locaturus
393 2355 449 2410 est
469 2362 635 2434 operam.
664 2335 740 2410 Sed
761 2341 982 2436 prudentem
1006 2358 1151 2413 memu-

61 2495 102 2543 ro
139 2472 437 2569 etymologiam:
476 2471 595 2563 ipsam
628 2490 765 2565 nempe
795 2473 936 2567 ingenii
971 2473 1150 2569 sagacita-
1264 2484 1269 2495 “

62 2615 167 2686 tem,
196 2623 240 2670 ac
266 2599 553 2694 perspicaciam,
579 2594 626 2665 ad
644 2594 805 2667 eruenda
825 2598 972 2695 linguae
993 2598 1150 2670 abscon·
1277 2616 1279 2623 ·

62 2728 141 2800 dita
176 2742 308 2798 natura
341 2723 605 2815 excellentem,
646 2727 740 2815 acri,
776 2751 820 2799 ac
846 2727 976 2799 limato
1008 2727 1146 2800 iudicio
1223 2774 1228 2789 ι

61 2861 314 2941 coniunctam.

55 3050 1150 3109 Μ

348 3234 465 3325 CA
497 3237 538 3323 P
570 3235 617 3322 V
647 3234 692 3321 T
753 3232 862 3321 III.

215 3451 612 3530 Gnnnnnrrcnu
640 3387 1015 3530 Autumnum}
1060 3542 1064 3549 ,
1109 3420 1111 3424 ’

57 3682 213 3857 Leges
235 3749 425 3850 generales
447 3747 740 3835 Grammaticae,
771 3750 843 3816 iam
860 3749 947 3816 satis
966 3747 1142 3841 explana·

57 3899 143 3971 tae,
173 3881 269 3951 vitro
300 3879 474 3956 videntur
498 3873 682 3972 quaedam
708 3876 819 3942 etiam
843 3869 1066 3941 adminicula
1088 3893 1143 3937 re-

61 4017 231 4111 quirere;
259 4011 422 4107 adquae
445 4013 472 4079 is
497 4025 727 4099 certequam
751 4003 913 4074 maxime
936 4000 1052 4070 adniti
1079 3999 1142 4067 de·
1179 4067 1185 4086 ¹
1262 4006 1264 4013 ‘

60 4141 146 4215 det:
175 4144 239 4238 qui
269 4141 339 4211 sibi
371 4143 541 4242 sumserit
571 4130 862 4207 Grammaticam
893 4115 1142 4240 Hunga'ricatn

57 4270 227 4346 feliciore
249 4290 365 4367 opera
388 4263 704 4369 cencinnaudamr
730 4273 797 4351 aut¹
816 4248 877 4354 qui
898 4251 1061 4352 linguam
1072 4275 1142 4352 pa·
1191 4330 1198 4351 .

375 4386 378 4391 ’
531 4390 540 4401 ‘
694 4398 698 4407 '
757 4434 762 4456 .
880 4380 960 4455 Cu
1034 4384 1037 4391 ’
