2700 4838
261 278 280 297 '⁵
334 323 558 396 vocauvn
579 288 887 399 'murmurans
1082 350 1137 399 101

71 486 261 569 stabilitio,
286 495 511 591 mercipotnr,
530 497 796 597 inspirationes3
819 495 960 575 litetdr,
984 494 1142 577 Μυρτώ,

61 602 275 689 sedletdrdk,
295 597 505 681 vinificatio,
526 608 697 686 imitatio,
717 592 901 672 natiuit'as·
910 627 1039 675 eorum.
1063 611 1139 673 Cre·

64 713 137 783 bro
166 713 274 776 variat
301 724 336 776 et
364 727 537 779 acutarum
558 717 837 783 intermixtione:
860 723 1023 803 irgolom,
1047 721 1140 784 voi(-

71 835 164 898 tom,
182 823 440 903 misericordia,
462 844 608 889 occoeco
622 846 632 901 3
644 827 808 913 figyelem
819 870 834 906 ,
851 833 988 916 sagdam
999 878 1010 909 ,
1031 844 1139 893 atten-

25 924 30 947 “
70 931 147 1010 tio,
166 932 304 998 adinuo.
321 958 324 967 ¹
340 933 482 997 Multum
501 946 679 1016 praeterea
695 937 929 1015 imminuitur,
952 938 1141 1025 eleganter·

70 1053 141 1117 que
156 1045 388 1118 temperatur,
413 1058 532 1103 vocum
558 1041 592 1104 in
611 1028 729 1103 eadem
758 1043 924 1107 sententia
944 1043 1014 1104 sibi.
1028 1052 1145 1109 succe*

71 1146 225 1209 dentium
241 1145 350 1211 classe
368 1151 543 1230 variante3
567 1162 605 1213 vt
628 1148 716 1215 aliae
742 1170 875 1216 crassas
903 1164 1026 1215 sonent
1041 1169 1138 1219 voca·

68 1256 142 1335 les,
165 1255 251 1323 aliae
270 1269 399 1324 tenues.

70 1408 162 1504 'Pe'na
171 1416 187 1506 't
200 1443 264 1505 olro
275 1464 363 1525 augy
375 1459 408 1508 te
417 1424 532 1525 tehu‘t,
551 1448 641 1533 ὡς]
651 1450 799 1531 gonddul
808 1451 893 1513 telae
906 1448 1115 1534 ronyorgurrlr
1123 1495 1136 1529 ,

156 1576 194 1637 'S
213 1578 359 1642 dltdnhet
376 1578 477 1644 brinul
486 1583 607 1664 fojtod
625 1583 683 1647 ido
702 1606 765 1668 nup
784 1587 895 1648 editt?

165 1796 322 1882 Integrae
340 1798 478 1879 quidem
495 1792 632 1880 periodi
643 1845 655 1875 ,
678 1800 726 1861 sic
741 1817 842 1878 saepe
861 1796 914 1860 vel
937 1808 1058 1880 sponte
1077 1818 1137 1863 sua

63 1898 291 1979 moderatae,
321 1905 347 1965 si
380 1903 595 1967 conferantur
624 1923 699 1966 cnm
729 1905 883 1984 periodis
914 1903 1053 1987 linguae
1086 1904 1158 1977 al-,

62 2011 178 2075 terius
191 2057 203 2088 ,
226 2028 326 2090 quam
347 2029 366 2073 a
387 2009 555 2072 vocalium
578 2011 780 2072 monotonia
802 2011 838 2072 in
858 2011 998 2073 vocibus
1022 2013 1137 2096 singu·

60 2112 111 2185 lis
140 2115 325 2205 immunem
345 2116 556 2196 laudamus,
585 2119 782 2181 varietatem
810 2117 979 2180 vocalium
1005 2130 1134 2182 tantam
1177 2155 1183 2169 ·

48 2227 224 2311 dabunt:
248 2218 408 2308 quantam
426 2227 546 2313 lingua
562 2227 686 2306 altera,
707 2227 907 2292 inuidiosius
925 2241 1059 2294 nostrae
1077 2250 1138 2313 op-

62 2335 210 2421 posita,
235 2336 324 2399 inito
355 2354 498 2399 numero
528 2335 708 2417 complecti
733 2336 932 2428 reperietur.
966 2337 1057 2400 Tuto
1069 2316 1137 2401 'au-

13 2484 16 2491 ·
65 2457 139 2515 tem
168 2457 200 2506 et
226 2447 387 2508 maiorem
416 2443 617 2507 dixerimus:
638 2461 715 2506 cum
735 2442 845 2525 plures
867 2441 1057 2509 habeamus
1076 2464 1134 2508 vo-

66 2553 160 2618 cales
179 2548 263 2634 sono
289 2553 492 2617 differentes.
532 2551 632 2617 quat
652 2553 789 2617 demum
809 2574 972 2625 sonorum
993 2557 1135 2620 varieta-

14 2672 24 2705 ⁴
64 2675 137 2727 tem
170 2674 204 2722 et
232 2662 507 2727 intermixtarum
531 2662 792 2724 consonantium
816 2665 925 2726 maior
950 2662 986 2727 in
1015 2660 1135 2759 lingua

65 2785 199 2837 nostra
204 2772 407 2855 diuersitas,
429 2789 530 2852 quam
558 2790 643 2854 quae
669 2772 834 2881 auditur
824 2792 862 2836 m
877 2772 1051 2857 plerisque
1068 2771 1134 2839 lin-

36 2884 145 2972 ·guis
162 2879 240 2946 aliis
262 2900 339 2947 cum
359 2890 473 2944 nostra
489 2879 635 2946 collatis.

96 3130 103 3141 ·
164 3103 191 3181 ς.
214 3097 264 3163 11.·
317 3093 557 3170 -vooauvn
577 3094 881 3173 assmnruo,

411 3232 487 3300 aa
508 3227 770 3297 concauam.

80 3392 84 3399 Ι
141 3445 148 3453 “
170 3429 326 3503 Radices
351 3426 473 3500 vocali
497 3425 734 3509 terminatae,
764 3437 802 3494 et
823 3419 934 3498 affixa
955 3446 1045 3522 pure
1059 3446 1130 3501 vor.

14 3534 20 3555 ι
65 3559 186 3649 colia,
200 3561 262 3634 vel
282 3560 404 3632 vocali
429 3556 660 3647 inchoantia,
683 3580 750 3629 suo
772 3579 946 3627 concursu
968 3559 1128 3652 peculia·

59 3712 145 3767 rem
167 3689 527 3785 acceperuntlegem
547 3685 593 3759 ab
618 3685 750 3759 eadem
773 3684 969 3785 euphonia.
1024 3670 1027 3679 ¹

48 3884 50 3892 .
105 3807 119 3923 J
167 3819 267 3895 Nam
298 3817 492 3893 affixorum
517 3817 822 3915 vocalis‘partem
845 3820 1047 3888 maximam
1070 3836 1130 3905 taff

62 3926 188 4025 dicum
217 3951 339 4023 vocali
370 3945 481 4045 plene
510 3948 635 4019 similis
670 3945 766 4019 facta
793 3964 870 4019 est:
912 3938 1021 4044 quam
1051 3946 1127 4015 eius

60 4085 312 4157 mutationem
333 4078 459 4176 placet
473 4081 785 4156 assimilationem
800 4100 952 4189 vocare,
971 4095 1126 4172 eamque

53 4215 217 4310 plenam.

842 4329 957 4439 ,3

1261 2614 1270 2653 Ι
