2708 4844
125 558 307 633 futurum
334 557 548 633 asserebant
572 566 831 658 supputatione
854 582 918 631 sua
935 576 1011 633 tant
1033 510 1229 657 alnplum,

127 707 177 760 vt
206 694 404 784 impensae
424 692 587 788 reliquae
610 689 994 784 abundesuppetaut3
1014 689 1109 762 datie
1123 713 1228 785 prae·
1264 788 1267 793 .

126 837 243 891 terea
259 844 335 916 pro
360 847 435 920 ope
459 796 679 915 praesente,
705 846 777 916 qua
801 826 907 919 egui,
931 838 968 892 et
992 847 1086 891 nunc
1109 845 1228 917 egeo,
1268 796 1273 805 ἱ

123 950 414 1046 ,obligationum
431 951 545 1021 literit
565 942 611 1021 de
632 949 765 1020 debitis
787 950 1013 1050 desperatis,
1031 976 1122 1048 quae
1141 918 1229 1046 egee
1306 1022 1309 1027 .

124 1073 300 1173 cupidus
322 1077 471 1154 honesti
493 1084 588 1164 otii,
608 1079 811 1181 abstractus
841 1081 888 1153 ab
924 1088 1167 1177 occupatione
1184 1081 1228 1150 li⁴
1271 1172 1273 1183 Ι

122 1205 303 1295 uratia,
326 1213 469 1305 ingrata
498 1212 564 1281 lite
589 1189 651 1280 diu
677 1210 808 1282 frustra
830 1234 1013 1309 urgerem.
1057 1213 1228 1307 Adpre-
1263 1222 1267 1233 '

123 1326 194 1408 ees
222 1339 390 1424 iteratas,
405 1338 452 1407 ad
471 1343 655 1433 expositas
671 1336 1128 1424 difficultatumrationes,
1144 1332 1227 1409 red·

122 1467 214 1541 dita
253 1484 307 1537 est
342 1467 386 1537 ab
409 1467 620 1540 huiusmodi
652 1471 910 1567 largitoribus,
946 1471 993 1540 ab
1020 1457 1107 1564 ipsis
1129 1469 1225 1540 adeo
1285 1464 1288 1471 ’

124 1598 506 1694 interpellatoribus,
529 1604 655 1671 amicis
678 1627 814 1697 nempe
834 1604 952 1681 meis,
970 1597 1031 1685 vel
1053 1599 1231 1680 tantulae,

128 1745 298 1823 tamque
323 1743 530 1801 coarctatae
546 1731 818 1804 munificentiae
844 1726 1005 1827 superba
1027 1725 1241 1843 exprobra-0
1287 1746 1293 1764 ¹

128 1856 209 1933 tio.
246 1854 369 1927 Datae
387 1855 443 1940 ad
468 1856 562 1929 haec
593 1864 707 1933 etiam
733 1865 963 1935 conditiones
981 1861 1131 1952 iniquae
1160 1879 1229 1951 po·
1330 1924 1336 1937 ,

125 1990 253 2064 nendi
270 2047 273 2051 .
289 1988 395 2085 leges
420 1989 708 2083 grammaticas:
743 1991 819 2061 non
849 2012 940 2085 quas
958 1990 1139 2057 eruissem
1162 2006 1230 2077 ge·
1315 2015 1318 2024 ·

129 2117 275 2192 uuinas
290 2139 337 2185 ex
359 2119 491 2187 intima
510 2118 659 2212 linguae
672 2113 820 2199 indole3
837 2119 902 2192 sed
925 2140 1021 2215 quae
1044 2116 1132 2210 ipris
1150 2115 1231 2211 pla·

130 2263 267 2319 terent
290 2267 336 2318 cx
361 2248 627 2318 consuetudine
649 2249 808 2335 incerta,
826 2250 889 2318 vel
913 2249 1015 2328 einr,
1032 2268 1142 2342 quern
1159 2243 1230 2315 do·
1343 2246 1346 2255 “

133 2392 244 2451 etum
266 2356 411 2447 indocti
433 2379 638 2467 mirantur,
663 2379 866 2470 imperiosa
889 2380 1123 2455 auctoritate.

248 2498 336 2575 Non
371 2505 494 2576 solum
525 2504 669 2592 decuit,
706 2507 775 2576 red
805 2508 970 2599 oportuit
994 2506 1138 2596 etiam,
1164 2496 1228 2571 md

134 2639 291 2733 aliquot
309 2633 519 2737 oblationes
544 2648 620 2709 tant
643 2635 759 2725 viles,
778 2651 816 2706 et
835 2630 1023 2731 ingratas,
1041 2624 1253 2728 respueres

136 2767 347 2858 statimque
360 2766 560 2865 remittere,
580 2760 638 2863 Ex
652 2788 809 2860 operum
827 2761 1084 2867 diuenditione
1097 2781 1231 2855 ,prae-

132 2898 266 2967 sertim
295 2896 649 2991 grammaticorum,
678 2911 718 2965 et
748 2892 918 2990 praeuidi
932 2938 948 2976 ,
989 2907 1034 2989 et.
1054 2901 1231 2981 expertus

139 3048 226 3095 turn
250 3000 581 3123 ‚posteapprimis
607 3031 699 3095 meis
727 3024 920 3096 conatibus
945 3028 1022 3093 iam
1043 3017 1229 3110 vulgatis,

137 3147 233 3249 quid
249 3140 401 3224 subridii
418 3152 621 3225 redundare
636 3157 774 3252 possit,
803 3153 891 3224 Rari
918 3158 1025 3235 sunt,
1043 3168 1134 3241 quoe
1147 3143 1230 3240 plri-

112 3282 286 3373 'lologia
311 3282 472 3354 oblectet
489 3286 610 3379 patria
622 3310 641 3367 ,‘
655 3284 856 3376 plerosque
875 3303 921 3352 ea
933 3276 1063 3367 vtique
1079 3296 1233 3385 pertua·
1317 3274 1320 3280 ’

135 3416 250 3485 sione
272 3410 460 3503 turgidos,
487 3432 526 3479 re
546 3425 654 3503 nator
675 3408 893 3498 Hungaros,
912 3402 1061 3500 linguae
1085 3406 1235 3500 patriae

132 3544 216 3614 iam
252 3562 413 3635 gnaros,
442 3561 519 3607 non
556 3558 664 3634 egere
698 3534 926 3606 institutione
952 3533 1037 3606 aliu.
1061 3528 1113 3601 Et
1132 3531 1230 3626 siqui
1279 3526 1288 3541 “

135 3685 227 3741 tunt
247 3665 379 3738 talium
403 3657 700 3737 lucubrationum
721 3657 852 3735 ¹citeris
873 3658 1116 3734 curiosiores:
1149 3662 1230 3754 ple·

135 3803 250 3894 rique
281 3813 501 3895 exspectant
525 3796 682 3899 potius,
704 3791 789 3865 dum
819 3816 939 3887 opus,
970 3787 1073 3882 quod
1106 3783 1227 3880 pretio

133 3931 359 4012 redimant,·
370 3930 552 4022 integrum
573 3921 746 4019 prodeat.
767 3925 932 4016 Vtraque
953 3918 1002 3988 de
1025 3937 1155 3986 causta
1172 3938 1228 3986 ra-

134 4085 201 4134 ros
238 4057 414 4153 equidem
452 4073 579 4128 nactus
609 4076 689 4127 sum
723 4079 787 4151 per
814 4052 1017 4123 triennium
1041 4061 1228 4134 emtores,

85 4230 87 4239 ·
134 4205 175 4260 et
195 4203 386 4285 prouentu
419 4189 469 4256 ita
495 4184 625 4268 lento,
659 4208 701 4254 ac
725 4185 890 4253 minuto:
913 4194 954 4250 vt
982 4175 1041 4248 hic
1063 4178 1226 4264 sensim,

132 4341 183 4395 ac
208 4313 411 4402 minutim,
434 4312 767 4389 diffluxeritetiarn
788 4314 825 4382 iu
839 4309 940 4383 varia
964 4302 1098 4377 horum
1118 4324 1228 4375 eona·

857 4428 1032 4513 ¹Au
