2708 4844
24 568 32 601 Ι

204 336 270 437 ¹35¹.
370 322 380 387 .’
411 323 700 395 ouruonrnn
712 322 830 393 surr.
842 317 899 392 rr.
920 328 1014 396 cnr.
1028 330 1055 394 r.

258 480 264 491 ¹
290 496 517 601 Peculiarem
544 498 708 571 nostram
730 499 901 572 vocalem
927 513 948 572 ὃ
970 501 1174 575 reddebant
1194 526 1263 577 vo·

124 628 127 647 ²
189 628 283 731 cales
304 630 451 712 variae,
480 652 522 713 e,
545 631 583 714 i,
609 651 652 717 o,
676 653 728 717 u;
760 644 797 699 et
820 627 975 702 alteram
998 648 1024 703 ιϊ
1048 656 1166 728 aeque
1194 630 1261 704 va.

187 757 326 844 rlae'i,
351 780 397 842 u,
412 780 459 852 y.
496 755 755 845 Alternatiope
777 758 958 829 literarum
984 784 1032 846 u,
1062 775 1098 832 et
1117 784 1162 849 v,
1187 762 1261 831 fuit

187 899 344 982 utroque
365 882 439 957 hoc
460 909 552 956 sono
576 901 614 957 et
632 911 675 970 u,
697 891 912 980 praesertim
937 890 1164 984 geminatum
1186 916 1228 963 w.

287 1013 390 1085 Haec
411 1016 529 1109 prima
550 1015 708 1125 simplex
731 1020 823 1088 ratio
850 1019 1061 1114 cumprimis
1088 1020 1256 1111 domina·
1291 1044 1297 1055 ·

72 1128 75 1141 ’
185 1158 241 1214 tur
272 1145 307 1213 in
338 1145 602 1245 antiquissima¹
626 1143 860 1231 Allocutione
892 1143 923 1215 F
926 1146 1074 1219 unebri:
1106 1151 1142 1218 in
1177 1149 1257 1219 aliis

186 1268 318 1341 deinde
342 1268 590 1343 monumentis
616 1295 661 1342 eo
691 1271 907 1343 cumulatior
936 1288 1013 1359 est,
1046 1296 1121 1367 quo
1150 1273 1256 1342 altius

97 1394 105 1421 '
185 1421 230 1469 ea
258 1395 433 1474 recidunt,

290 1520 396 1594 Vltro
407 1538 527 1617 patet,
544 1547 700 1620 vagam,
714 1542 749 1596 et
767 1530 920 1596 nimium
942 1530 1155 1621 impeditam
1169 1526 1260 1597 fuis·
1278 1517 1283 1530 ’

189 1675 228 1751 se
244 1648 338 1720 hanc
355 1653 547 1722 rationem.
577 1649 883 1729 Lectoremcerte
899 1647 1111 1747 Hungarum
1124 1675 1254 1746 posce-

184 1776 268 1850 bat:
294 1781 376 1875 qui,
400 1800 531 1874 gnarus
554 1781 681 1874 vtique
710 1782 888 1863 sermonis
917 1783 1045 1874 patrii,
1077 1784 1250 1875 cuiusque

120 1942 123 1951 ·
185 1912 312 1982 literae
335 1932 485 1981 occursu
508 1909 605 1981 vltro
629 1908 886 1981 admoneretur
909 1907 956 1980 ad
979 1909 1162 1983 edendum
1193 1933 1251 1980 so-

184 2058 272 2112 num
294 2041 506 2137 genuinum.
873 2044 876 2049 ’

276 2243 313 2306 Β.
460 2237 561 2304 VSVS
588 2235 974 2308 COMBINATIONVM.

283 2399 340 2474 Vt
373 2427 461 2499 ergo
493 2404 640 2496 scriptio
675 2416 797 2506 nostra
829 2402 959 2471 certius
990 2401 1183 2498 figeretur,
1215 2424 1251 2476 et

182 2537 263 2627 ipsu
282 2546 414 2626 postea
438 2532 546 2600 lectio
571 2543 731 2600 coesset
753 2529 978 2621 expeditior:
1006 2528 1179 2637 adhibita¹
1195 2549 1250 2602 est

181 2661 334 2756 duarum
361 2659 548 2731 literarum
572 2658 797 2731 combInatio
822 2658 870 2729 ad
889 2658 1092 2754 simplicem
1117 2684 1247 2731 sonum

62 2826 67 2841 ·
181 2789 473 2925 Kaprim'endum.
502 2787 668 2860 Aliarum
689 2792 853 2884 gentium
871 2791 1026 2875 imitatio
1042 2811 1087 2858 eo
1109 2805 1249 2891 nostrus
1306 2876 1309 2889 Ι

179 2924 236 2986 tes
258 2913 384 2999 duxit,
412 2913 670 3008 praeeuntibus
700 2913 894 2987 Monachis
922 2917 1120 3020 magistris,
1137 2938 1249 3010 ¹prae·

181 3047 303 3119 sertim
326 3041 542 3132 Germanis,
567 3043 689 3133 Italis,
712 3060 749 3115 et
774 3040 903 3122 Gallis.

283 3169 397 3248 Varia
424 3175 736 3247 combinationum
760 3171 952 3267 exempla,
978 3174 1248 3269 diligenter‚et

177 3301 273 3376 clare
294 3306 462 3399 exposita
490 3307 630 3375 suntin
656 3299 789 3375 tabella
816 3304 927 3397 paulo
956 3318 1040 3372 ante
1066 3303 1245 3376 indicata:

181 3446 223 3504 vt
256 3430 301 3500 de
336 3432 379 3500 iis
417 3431 630 3535 singillatim
666 3454 775 3528 agere
811 3428 1032 3526 superfluum
1072 3453 1150 3501 esse
1190 3433 1244 3499 vi·

180 3562 323 3643 dentur.

241 3716 244 3720 ·
280 3681 443 3758 Tantum
464 3682 510 3757 de
532 3685 805 3758 combinatione
826 3690 908 3774 chi,
935 3702 972 3759 et
991 3692 1080 3783 chy,
1103 3709 1169 3781 pro
1193 3701 1246 3757 te·

178 3815 263 3901 nui,
296 3826 338 3883 et·
364 3812 482 3882 crasso
514 3809 645 3891 sibilo,
670 3816 876 3907 promiscue
896 3828 1090 3906 usurpata,
1116 3829 1246 3883 notan·

177 3934 266 4012 dum
285 3953 359 4010 est:
388 3960 471 4009 eam
493 3961 597 4008 more
618 3933 794 4011 Italorum
820 3942 975 4011 ivocali
999 3963 1076 4010 esse
1098 3958 1243 4010 auctam
1335 4014 1339 4021 ,

176 4085 261 4140 ante
281 4065 427 4138 vocales
449 4088 603 4150 crassas3
633 4091 689 4139 ex,
712 4092 764 4162 gr.
790 4070 965 4156 chualon,
990 4071 1152 4161 elioda,
1176 4070 1241 4139 ho·
1322 4154 1325 4161 Ι

69 4190 72 4195 ’
175 4196 301 4271 dierna
322 4193 500 4303 scribendi
519 4197 659 4268 ratione
681 4200 836 4312 τεαίάιιχ
846 4251 860 4286 ,
876 4198 1007 4285 trodo,
1024 4201 1154 4287 urtica,
1171 4196 1240 4277 'rni-
1341 4262 1345 4273 .

327 4402 341 4437 a

923 4462 927 4471 '
1027 4460 1039 4509 l
