2708 4844
114 234 118 241 ⁵
196 248 258 371 με
356 226 683 351 urruoioorrn
696 281 736 345 Ρ.
749 226 908 347 ιἐΕοτ.
919 278 965 384 n.
979 281 1073 385 cnr,
1084 285 1112 350 1.
1203 256 1245 343 .’

195 468 249 533 et,
282 450 386 528 lacit,
418 464 495 514 sunt
520 455 667 534 primum
694 440 884 534 composita
894 490 913 532 ,ι
936 456 1042 529 [ιι-οῖς
1083 445 1260 542 vocalibus

195 546 318 631 deinde
336 564 468 628 coalitis
483 575 599 626 natum
618 563 670 626 lo't
680 565 841 647 ,proprie
851 566 1012 627 visionem
1012 565 1123 646 facit,
1141 558 1259 632 Haec,

192 676 283 745 dicta
301 674 383 738 licet
400 692 470 756 per¹
485 642 735 753 co'niecturam‚
756 672 885 737 habent
902 687 1017 737 tamen
1038 664 1260 756 probabilita-
1295 672 1301 689 ⁸

191 801 260 863 tem
278 802 345 845 non
366 783 551 867 modicam.

275 892 340 954 Sed
359 911 466 975 pergo
486 912 530 955 ex
547 891 684 987 linguae
702 912 764 956 vsu
787 893 891 955 etiam
913 892 1019 960 altero
1041 895 1105 955 hoc
1124 891 1161 952 a'l
1179 903 1259 969 pro-

189 1008 316 1065 nomen
344 1001 468 1065 clarius
489 994 634 1078 eruere,
657 1002 761 1083 idque
789 1007 945 1081 numeri,
978 1015 1016 1067 vt
1036 1021 1139 1086 supra
1160 996 1257 1072 dixi,

172 1088 372 1194 utriusque.
396 1109 496 1196 Viget
513 1098 683 1191 peculiare
701 1112 736 1174 in
749 1092 872 1199 lingua
889 1126 1001 1178 nostra
1019 1115 1197 1176 verborum
1210 1103 1259 1169 ai·

128 1242 137 1268 ¹·
187 1219 293 1284 fixum
313 1224 387 1295 tels,
411 1239 472 1300 pro
492 1220 663 1283 vocalium
684 1223 838 1299 ratione,
856 1242 943 1302 quae
964 1226 999 1287 in
1020 1221 1191 1286 radicibus
1205 1235 1258 1281 oc-

189 1339 348 1405 currunt,
372 1329 475 1391 etiam
504 1331 571 1391 lar.
606 1330 712 1394 Huius
739 1351 816 1394 usus
845 1331 1014 1419 Hungaris
1041 1343 1094 1391 est
1119 1325 1260 1392 notissi-

91 1424 98 1437 ’
188 1457 284 1510 mus;
310 1436 369 1498 sed
397 1440 496 1523 origo
526 1439 688 1521 implexa.
722 1440 794 1503 Hac
814 1439 925 1504 forma
943 1438 1129 1520 alloquitur
1146 1437 1259 1520 prima
1336 1438 1341 1448 '

184 1563 334 1624 persona
363 1545 543 1628 singularis
572 1548 756 1613 secundum
786 1551 960 1627 utriusque
989 1549 1149 1620 numeri,
1180 1541 1256 1603 aliis
1329 1593 1333 1605 .

184 1651 278 1712 liuius
304 1670 468 1732 personae
489 1654 691 1715 accusatiuis
715 1669 815 1733 saepe
834 1652 1019 1736 neglectis,
1034 1669 1135 1732 saepe
1151 1649 1256 1711 etiam

183 1757 323 1819 adiectis
336 1807 346 1835 ‚
359 1778 418 1840 per
434 1759 688 1839 pleonasmum,
709 1760 752 1822 ad
772 1759 938 1836 maiorem
956 1758 1177 1821 euidentiam.
1200 1757 1257 1820 Sic

144 1892 153 1920 ⁴
180 1858 355 1952 sacret-[el
375 1850 507 1947 solum,
529 1883 565 1932 et
581 1866 715 1933 adiecto
738 1871 806 1932 alio
825 1869 1037 1950 pronominis
1056 1868 1255 1930 accusatiuo

39 1994 45 2011 '
110 2001 112 2005 ·
174 1982 357 2064 sceret-leh
387 1982 540 2060 repedet,
569 1976 657 2042 hunc
680 1990 814 2041 sensum
846 1974 950 2053 facit,
977 1989 1254 2061 amo-te-egot

75 2171 79 2180 1
167 2068 353 2169 'Apol-loli,
376 2100 411 2148 et
429 2089 576 2171 apol-lai
596 2090 746 2171 repedet,
775 2088 910 2149 suauior
924 2096 1005 2148 -te-
1017 2102 1106 2170 ego:
1128 2087 1258 2169 saerat-

87 2215 89 2221 ·
187 2205 239 2262 lelr
266 2203 408 2276 tirohet,
442 2201 589 2280 epol-lale
615 2199 751 2272 tltclret,
776 2192 1072 2281 amo-vos-ego‚
1096 2195 1258 2258 suauior·
1294 2248 1305 2271 ,

186 2328 247 2371 vos
260 2347 272 2357 ·
286 2328 375 2392 eg03
398 2306 488 2369 idem
516 2309 618 2368 etiam
648 2325 828 2389 suppresso
850 2307 989 2382 trteltet,
1009 2315 1172 2367 contextu
1190 2323 1258 2365 ser-

33 2430 36 2436 '
102 2424 119 2501 J
157 2419 295 2480 '‘rnonis
327 2417 493 2499 pluralem
521 2417 705 2478 indicante.
743 2412 991 2495 complectitur
1021 2412 1087 2474 hoc
1111 2416 1164 2476 lar
1187 2413 1255 2494 pri-

185 2546 273 2589 mam
292 2547 494 2607 personam,
513 2544 656 2607 eamque
679 2521 909 2611 singularem,
936 2535 1037 2604 atque
1057 2543 1122 2587 vna
1144 2534 1178 2585 et
1199 2540 1249 2584 se-

177 2624 352 2713 cundam,
376 2655 517 2718 eamque
546 2633 680 2698 numeri
710 2634 894 2715 utriusque.
928 2629 1092 2697 Adhibita
1118 2630 1250 2715 analysi
1302 2604 1321 2625 ⁹
1347 2685 1350 2689 ,

183 2743 248 2807 hoo
266 2743 356 2808 clare
376 2745 555 2809 euoluitur.
577 2745 732 2808 Primam
750 2761 935 2829 personam
949 2744 1063 2806 reddit
1083 2755 1173 2804 certe
1188 2740 1253 2817 οἶες

183 2852 274 2938 quod
301 2852 399 2918 huius
427 2874 595 2939 personae
615 2872 804 2937 pronomen
825 2872 897 2914 esse
917 2853 986 2915 iam
1008 2852 1143 2934 liquido
1169 2870 1251 2914 con·

113 2940 131 2965 Ἰ
181 2976 257 3029 stat.
282 2967 399 3051 Quare
422 2972 454 3045 l,
476 2969 568 3048 quod
596 2961 782 3046 asyllabum
806 2973 932 3042 restat,
955 2982 1148 3044 pronomen
1175 2982 1250 3026 esse

156 3148 160 3159 Ι
181 3074 283 3148 debet
300 3077 467 3139 secundae
479 3077 669 3158 personae,
683 3087 775 3136 certe
796 3074 838 3136 de
858 3072 913 3150 Al,
936 3071 1094 3153 absorpta
1111 3070 1247 3151 vocali,

178 3184 279 3266 idque
302 3188 475 3267 utriusque
497 3187 649 3249 numeri:
681 3185 849 3264 siquidem
869 3185 953 3266 lale,
976 3198 1011 3246 et
1032 3183 1143 3247 vocali
1166 3203 1247 3257 con-

87 3314 95 3337 ·-
179 3306 336 3378 gruenter
355 3306 487 3359 mutata
500 3300 576 3373 ‘l-al
587 3343 598 3374 ,
631 3295 738 3357 verbis
760 3288 920 3377 affixuin,
944 3307 1079 3376 praeter
1099 3295 1246 3376 primam

151 3422 166 3455 ·.
178 3421 357 3482 personam
388 3416 569 3490 agentem,
602 3405 672 3489 iam
695 3405 985 3483 demonstratam,
1006 3418 1039 3466 et
1061 3404 1245 3468 secundam

178 3510 305 3571 indicat
322 3529 505 3591 personam
519 3512 584 3589 sibi
602 3494 818 3592 inuolutam,
837 3533 980 3596 eamque
993 3514 1164 3593 vtriusque
1183 3530 1245 3572 nu·
1301 3512 1304 3519 '

178 3621 284 3699 meri,
307 3632 341 3681 et
360 3621 394 3682 in
415 3625 607 3695 aecusatiuo
628 3644 732 3705 casu,
757 3626 805 3687 vti
823 3625 992 3688 obiectum
1001 3622 1116 3705 ,quod
1135 3620 1244 3683 aetio·
1302 3658 1305 3665 ,

128 3779 132 3787 .
176 3751 254 3794 nem
275 3731 418 3812 recipit,
440 3729 723 3817 magestas-ego.
744 3737 843 3799 Hunc
864 3737 1009 3799 omnino
1027 3732 1175 3795 valorem
1191 3727 1243 3792 his

176 3841 256 3903 solis
276 3845 384 3935 inesse
406 3863 481 3906 vsus
498 3842 635 3932 linguae
654 3847 755 3909 docet
771 3864 873 3925 quam
891 3826 1082 3907 clarissime.
1107 3841 1241 3926 Quibus

176 3951 292 4015 addita
310 3953 402 4015 verbi
423 3952 630 4040 significatio
652 3951 854 4018 sententiam
877 3953 1029 4035 complet
1040 4001 1052 4032 ,
1064 3952 1149 4012 mira
1159 3970 1242 4015 con-

175 4064 355 4140 cinnitate,
377 4064 476 4126 unico
496 4076 629 4126 tantum
648 4061 800 4127 verbulo.
824 4065 912 4127 Nam
922 4063 1241 4150 sacret-l-elr,a‘po!‹

170 4159 241 4235 'lul
252 4220 264 4253 ,
290 4174 473 4250 seeundum
500 4170 650 4269 singulos
672 4173 785 4256 apices
806 4176 952 4261 genuine
976 4172 1134 4252 reddita,
1158 4193 1238 4256 pro·

1296 2408 1304 2442 i
