2708 4844
315 282 1255 419 saosasueconpurtottrenrn.4351„

241 445 319 535 st.
342 450 560 541 astrosus
580 456 671 519 eno
694 457 868 523 urrsnts
891 402 1228 528 sturttcrsvs
1294 466 1303 483 ’

290 592 297 605 ι
410 535 459 624 nt
480 562 632 628 socru
654 563 1020 637 consumerem.

240 698 280 760 A.
342 697 474 763 VTILE
496 700 729 765 SCRIBENDI
752 702 1087 785 COMPENDIVM.'

172 837 373 928 Quare
392 857 610 934 exoptentur
629 841 755 914 literae
772 846 1043 944 simpliciores
1033 872 1069 918 ur
1088 847 1212 921 locum

147 947 437 1067 combinatarum
448 975 680 1067 ,praecipua
704 989 759 1043 est
775 978 875 1050 ratio
902 974 1081 1051 scribendi
1111 1001 1210 1049 com·

144 1097 336 1190 pendium

155 1264 159 1281 ·
244 1219 344 1292 Nam
374 1224 627 1313 combinatae,
666 1225 804 1299 duabus
836 1243 976 1322 utpote
997 1229 1111 1301 literis
1144 1253 1206 1302 ex·
1252 1300 1255 1309 ,

89 1338 101 1379 ²
141 1370 310 1447 pressae,
336 1370 372 1425 et
401 1378 542 1425 moram
566 1343 734 1427 adierunt
757 1359 796 1428 in
816 1355 1030 1447 scribendo,
1063 1374 1100 1433 et
1125 1384 1208 1456 spa·

141 1480 233 1549 tium
257 1497 437 1576 occupant
460 1483 495 1551 in
517 1507 673 1579 papyro.

245 1605 357 1700 Quod
370 1627 575 1712 ’utrumque
596 1607 813 1684 cumulatius
834 1611 897 1703 fit,
924 1614 953 1684 si
974 1603 1207 1689 combinatae

113 1772 115 1777 ·
136 1737 292 1826 literae,
317 1762 384 1835 pro
406 1740 630 1835 simplicibus
648 1746 810 1838 positae,
829 1760 926 1813 recta
946 1743 1125 1865 peribendi
1147 1768 1218 1849 rs·¹

136 1869 239 1939 tione
270 1869 514 1966 geminandae
547 1884 652 1940 sunt:
687 1895 744 1940 ex.
771 1894 825 1965 gr.
856 1872 1085 1960 koldtetsal,
1120 1896 1205 1945 cum
1304 1864 1337 1909 ·’

136 2009 255 2086 torta3
277 2001 499 2088 peretztzel,
523 2019 606 2067 cum
625 2000 746 2090 spira3
763 1992 1044 2092 'postpositionis
1064 2005 1125 2072 nel
1141 2000 1210 2073 lta·-

126 2127 205 2199 'litu
232 2150 256 2195 v
280 2129 317 2198 in
336 2128 469 2199 radicis
494 2146 675 2206 consonas
700 2126 881 2214 abeunte,
912 2151 960 2198 ex
982 2128 1060 2202 rudi
1084 2129 1204 2223 prima

134 2239 427 2354 compositione,
455 2254 668 2343 lcaldtsvol,
689 2242 890 2347 percrevel.
929 2276 932 2280 ·

235 2383 297 2456 De'
319 2389 488 2457 consonis
512 2384 795 2481 liquescentibus
820 2383 858 2454 id
884 2383 1033 2480 quidem
1061 2387 1098 2456 in
1123 2408 1204 2459 mo·
1319 2394 1322 2399 ’

132 2536 172 2588 re
194 2529 271 2589 est:
298 2530 340 2586 vt
363 2517 399 2584 in
425 2516 674 2611 geminatione
697 2510 909 2599 emolliendi
933 2515 1079 2610 signum
1102 2517 1206 2607 prio·-
1307 2538 1311 2543 ·

49 2656 55 2667 '
130 2641 229 2713 ribus
260 2641 315 2712 bis
344 2643 471 2736 positis
498 2640 613 2713 semel
646 2639 859 2722 adiicietur,
886 2658 1058 2737 utrasque
1078 2642 1200 2713 'emol-

131 2767 233 2842 liens.
262 2768 338 2840 Sed
359 2771 420 2843 lex
439 2768 509 2842 ista
527 2768 638 2842 habet
662 2770 835 2866 quiddam
858 2767 1087 2865 imperfectis
1101 2754 1202 2864 quoii
1326 2830 1331 2841 .

129 2915 233 2995 patet
255 2902 451 2995 praecipue
473 2902 510 2969 in
542 2923 702 2974 consona
731 2868 979 2997 liquescente,
1007 2901 1105 2969 cuius
1133 2921 1201 2994 par

130 3050 290 3100 consona
311 3052 402 3124 pura
425 3051 516 3128 sono
539 3031 716 3100 remotior
740 3045 794 3100 est
800 3082 813 3116 ‚
840 3027 1201 3124 pronunciationem-

130 3181 202 3251 que
221 3157 328 3228 facile
349 3155 411 3227 dat
434 3179 510 3227 non
531 3159 734 3226 sinceram:
762 3180 820 3227 ex.
838 3178 890 3249 gr.
910 3152 1102 3252 fag-gyri,
1128 3175 1195 3248 pro
1305 3182 1312 3197 κ

122 3284 335 3383 fogyegytt',
363 3285 504 3359 sebum.
544 3283 594 3354 Et
616 3298 729 3371 certe,
748 3263 788 3353 vt
805 3279 876 3352 hoc
896 3285 1034 3370 vitent,
1057 3281 1116 3353 vel
1139 3281 1198 3370 hi,
1224 3342 1234 3383 ι
1263 3266 1273 3300 ⁴

130 3413 192 3507 qui
216 3415 283 3484 ista
301 3417 337 3484 in
358 3392 641 3508 liquescentibus
669 3411 836 3483 factitant
848 3463 861 3498 ,
885 3392 1199 3499 'combinationem
1293 3404 1295 3409 ¹

130 3529 256 3613 tamen
269 3557 375 3614 acute
395 3539 630 3629 sibilantem
619 3563 656 3611 nr
673 3542 924 3647 geminatione
944 3556 1104 3613 truncare
1121 3566 1195 3616 nou

129 3670 275 3760 solent,
310 3669 375 3742 sed
401 3686 594 3767 utramque
629 3674 770 3767 integre
799 3673 1026 3778 exprimunt.
1057 3695 1116 3743 ex
1141 3695 1241 3787 gr.
1310 3666 1316 3695 f

128 3797 341 3900 asa-fiony,
373 3800 525 3890 mulier,
551 3799 739 3898 mesa-sae,
767 3799 916 3895 procul,
949 3798 1083 3894 longer
1123 3821 1198 3870 non
1273 3890 1290 3899 Ἰ

126 3948 220 4000 vero
241 3951 286 4002 os
285 3923 431 4028 scorp,
455 3951 530 4000 non
551 3949 646 3999 mes
636 3927 716 4024 sae
761 3916 944 3996 Habent
939 3925 1110 3993 nimirum
1137 3918 1197 3994 hic
1268 3961 1281 4009 t,

128 4058 363 4153 exemplum,
388 4056 487 4155 quod
510 4069 640 4154 poseat
667 4055 756 4127 duas
781 4053 967 4125 sibilantes
991 4071 1196 4144 consonas,
1289 4154 1293 4167 Ι

133 4193 360 4264 continenter
370 4191 636 4292 positas,sono
650 4184 793 4260 diuerso
807 4158 1064 4279 exprimendas
1073 4186 1199 4285 ,mds-
1299 4186 1304 4193 '

293 4366 302 4400 .
896 4311 1024 4402 -14
