2708 4844
172 347 235 418 ue
316 284 1094 402 aunmunnunusuuuumun.

174 501 399 598 pluralibus,
432 505 532 587 min,
570 527 660 594 nos,
692 510 770 591 tin,
797 504 885 590 vo's,
918 519 990 593 dn,
1016 504 1090 594 illi;
1127 519 1162 574 et
1191 494 1256 576 lire*

175 631 350 726 quidem,
375 628 504 735 vocali
517 632 608 703 nihil
636 647 806 721 mutata,
839 656 920 702 curn
953 636 1053 727 pari,
1090 656 1132 701 ac
1157 631 1241 699 sim·
1281 717 1284 723 ,

174 757 262 853 plex
280 757 304 833 e
325 758 541 855 pluralitatis
568 761 746 839 notione,
777 762 1025 855 praemissum
1048 784 1112 854 per
1138 757 1243 853 pleo·
1292 743 1297 751 ⁵

86 924 89 931 ·
175 885 346 958 nasmrim
378 887 613 970 nominibus,
633 912 673 958 ac
694 882 899 982 particulis,
917 889 1033 960 affixo
1053 886 1242 984 pronomi-

176 1040 223 1088 ne
250 1016 379 1114 plurali
400 1018 474 1088 iarn
499 1020 624 1103 auctis,

273 1136 346 1217 En,
368 1142 403 1202 in
422 1142 616 1222 primordiis
635 1141 779 1224 simplex
797 1141 819 1203 e'
829 1189 840 1220 ,
855 1161 912 1205 seu
933 1146 969 1219 i,
988 1141 1136 1203 diximus
1156 1141 1244 1217 iam,

173 1252 210 1312 in
230 1251 301 1312 eius
326 1249 543 1326 euolutione,
565 1249 741 1332 aliquanto
761 1264 862 1331 post,
880 1264 1008 1314 mature
1024 1266 1163 1325 tamen,
1187 1267 1247 1310 au·
1312 1248 1332 1318 j

106 1368 110 1376 ‘
173 1368 265 1420 ctum
289 1355 431 1419 suissed
452 1358 572 1443 literae
600 1353 821 1437 accessione,
853 1360 897 1423 ad
926 1360 1247 1422 determinationem

127 1470 131 1479 '
180 1462 361 1523 certiorem
382 1465 581 1548 primigenii
604 1466 678 1528 soni
702 1480 770 1528 tam
794 1467 971 1549 simplicis.

276 1572 361 1648 Ten,
383 1560 551 1652 principio
573 1587 625 1651 te,
656 1586 691 1634 et
709 1577 819 1654 ipsum
842 1578 910 1636 iam
932 1575 1001 1635 fere
1030 1576 1065 1634 in
1087 1585 1163 1634 ortu
1185 1592 1243 1634 eo-

9 1720 14 1727 ,
117 1766 132 1781 κ
176 1680 255 1743 dem
273 1690 444 1742 nanctum
465 1694 536 1757 est,
557 1682 679 1762 prioris
696 1683 908 1762 pronominis
927 1683 1071 1762 quadam
1093 1680 1247 1743 similitu·

180 1790 271 1852 dine.
297 1792 336 1854 In
346 1772 470 1874 'lingua
487 1801 579 1850 certe
600 1787 802 1865 chaldaica,
827 1790 990 1870 Syriaca,
1017 1803 1051 1850 et
1076 1792 1248 1866 Arabica,

142 1926 145 1933 ·
173 1909 201 1964 n
227 1894 327 1976 (tue)
361 1912 460 1955 sonus
486 1895 652 1956 secundae
680 1914 845 1975 personae
874 1893 1098 1976 primigenius
1131 1889 1276 1970 praest.

68 2018 75 2039 ¹
146 2068 152 2076 ,
178 2025 259 2067 xum
281 2005 347 2068 sibi
366 2002 468 2067 habet
485 2012 502 2074 2
526 2010 638 2079 (nun)
652 2022 727 2065 curn
748 2015 777 2074 Ν
790 1997 960 2082 (aleph):
977 2007 1053 2083 ill&
1076 2004 1244 2084 (ont‚ent)

175 2129 268 2190 sm&
291 2119 409 2193 (anri,
433 2119 539 2192 enti).
563 2115 607 2176 Et
627 2110 928 2200 dageschationem
947 2129 974 2184 n
1005 2123 1019 2185 (
1029 2123 1106 2187 rav)
1127 2112 1246 2177 literae

51 2208 56 2215 ,
106 2212 108 2219 ·
173 2225 210 2298 in
230 2224 400 2317 Hebraico
423 2231 480 2322 ῖῇζέ
503 2232 627 2301 (att),
655 2230 713 2326 32&
728 2226 874 2300 (arrd),
902 2221 938 2283 in
967 2219 1064 2282 huius
1089 2232 1105 2292 2
1129 2230 1245 2300 (nun)

174 2334 323 2415 supressi
358 2335 675 2413 compensationem
715 2332 817 2394 luisse
860 2333 1089 2395 introductam
1124 2333 1248 2396 docent

111 2438 121 2451 ”
142 2462 147 2469 ·
175 2444 407 2505 Grammatici.
430 2442 505 2503 Hoc
528 2460 589 2503 vsu
608 2441 813 2526 primigenio
833 2439 980 2503 inualuit
1000 2458 1054 2504 teu
1075 2443 1166 2530 apud
1185 2462 1244 2505 no·

51 2566 62 2577 ·
105 2628 108 2634 Ι
174 2558 265 2610 atros
292 2548 394 2606 etiam
413 2547 570 2610 maiores.

275 2651 349 2730 On,
370 2673 475 2734 aeque
506 2653 757 2732 remotissimae
784 2657 905 2716 aetatis
933 2654 1099 2736 reliquum
1124 2673 1245 2736 prouo-

175 2783 277 2843 men,
298 2765 449 2826 eiusdem
468 2787 490 2826 n
512 2763 630 2826 literae
654 2766 845 2827 accessione
873 2767 917 2827 ad
943 2766 1086 2849 simplex
1106 2779 1127 2827 o
1139 2815 1150 2845 ,
1176 2785 1248 2830 ma·

176 2888 250 2938 ture
277 2887 415 2936 natum:
443 2873 611 2959 siquidem
635 2874 726 2954 apud
747 2871 937 2936 Chaldaeos
962 2896 1092 2959 quoque
1122 2876 1156 2938 in
1184 2895 1246 2938 vsu

167 2981 243 3055 ,fuir
262 2983 308 3051 ln
326 2983 463 3062 (ben),
484 2985 593 3063 ipsum
614 2993 704 3044 certe
726 2996 768 3056 tn
787 2984 881 3061 (lui)
902 2985 1168 3070 primigenium,
1188 3004 1245 3046 au·

136 3149 140 3155 .
177 3108 267 3158 ctum
289 3107 306 3166 3
329 3102 449 3172 (nun)
475 3095 583 3158 litera.

270 3207 322 3269 De
342 3206 404 3284 hae
426 3217 503 3270 sunt
523 3205 767 3269 consuetudine
797 3206 1031 3286 antiquissima
1056 3219 1091 3266 et
1111 3207 1243 3288 Lappo-
1311 3246 1317 3257 ι

174 3334 255 3377 num
274 3316 479 3396 pronomina
500 3337 597 3390 mon,
620 3329 698 3392 ron,
719 3336 800 3392 son,
826 3333 867 3374 ex
891 3313 1074 3394 primitiuis
1094 3338 1168 3391 mo,
1189 3329 1242 3391 to,
1340 3339 1345 3355 ·

180 3433 244 3500 so,
269 3423 320 3485 vel
339 3446 393 3484 mo
405 3471 415 3501 ,
438 3441 493 3500 ra,
513 3443 576 3487 sa:
594 3423 635 3483 de
653 3421 715 3486 hac
734 3437 767 3483 ct
782 3427 992 3503 Fennorum,
1016 3426 1075 3488 sed
1095 3427 1161 3486 iam
1183 3437 1243 3482 v'o-
1330 3442 1335 3448 ·

72 3612 77 3619 „
178 3531 241 3594 cali
263 3541 361 3591 aucte
379 3527 419 3592 in'
435 3529 504 3593 fine
521 3514 636 3602 ‚mind
649 3578 659 3608 ,
676 3518 778 3612 sind,
791 3519 883 3612 Ιιᾶη,
902 3554 944 3598 ex
958 3539 1004 3597 mi
1017 3581 1029 3612 ,
1041 3537 1074 3595 si
1080 3580 1090 3610 ,
1104 3535 1163 3609 hi,
1184 3530 1239 3593 vel

179 3624 240 3702 mel
251 3686 261 3715 ,
290 3623 337 3699 sci
349 3675 363 3716 ,
383 3625 470 3724 ucis,
484 3641 530 3707 ds·
552 3636 615 3702 hac
638 3655 671 3704 et
706 3641 888 3705 Esthonuru
910 3645 1083 3729 geminata
1108 3642 1245 3723 insuper

55 3726 62 3745 ι
177 3750 357 3838 augmenti
366 3766 515 3811 consona
526 3796 538 3829 ,
550 3758 663 3813 rnr'nua
673 3799 685 3830 ,
696 3755 793 3814 sinna
803 3799 814 3830 ,
826 3766 946 3817 remma
956 3800 969 3833 ,
983 3775 1024 3817 ex
1036 3776 1089 3816 mo
1100 3801 1111 3833 ,
1125 3776 1163 3815 so
1173 3800 1182 3829 ,
1193 3764 1242 3815 tc.

232 3923 305 3995 ·a
552 3908 884 3984 conponas.

279 4079 506 4152 Pronomina
532 4084 761 4176 personalia,
789 4088 992 4178 composita
1018 4087 1065 4157 ad
1092 4082 1243 4180 empha-

51 4238 55 4249 ·
146 4217 271 4298 sim,
297 4210 346 4286 ad
370 4207 604 4282 indicandam
643 4210 778 4285 scilicet
803 4235 1042 4310 personarum
1069 4237 1241 4311 praesen·
1343 4212 1350 4219 '
