2708 4844
574 224 806 317 aeduae
951 304 955 319 .
1094 224 1254 340 “0¹9-

249 416 484 515 Equidem
456 443 506 491 src
529 421 597 489 ista
620 444 762 492 sumere
783 425 857 497 iam
879 421 1016 492 dudum
1037 429 1225 503 consueui.

140 543 195 619 Et
216 570 328 630 vero
358 545 479 641 siquid
502 543 617 627 homo
636 544 828 638 candidus
853 551 931 618 sine
956 522 1152 639 iactantia,
1180 552 1227 623 de

138 676 315 749 laborum
341 700 491 781 suorum
520 701 689 751 successu
716 701 925 755 memorare
948 696 1090 774 potest:
1121 681 1224 778 quid·

141 809 234 903 quid
257 829 348 903 ego,
373 805 433 876 vel
452 809 488 875 in
509 804 576 877 hac
597 810 676 903 ipsa
693 800 947 897 Grammatica
969 833 1070 898 mea,
1094 811 1139 880 de
1156 834 1223 881 vo·

139 959 229 1007 cum
251 932 474 1026 inflexione,
501 933 651 1023 clarius,
673 960 716 1009 ac
739 939 868 1008 melius
894 940 1035 1009 tradere
1060 964 1223 1011 nouva-

137 1089 190 1137 ne
208 1064 302 1136 mihi
318 1065 468 1150 videor3
497 1066 533 1137 id
556 1066 707 1162 quidem
727 1094 748 1141 a
770 1068 1002 1165 diligenti-ore
1024 1073 1222 1166 antiquita·

136 1201 186 1268 tis
207 1214 355 1270 nostrae
376 1197 498 1268 studio
520 1215 641 1271 ortum
661 1199 828 1288 duxisse,
855 1203 1067 1296 sensimque
1088 1185 1220 1297 pos-'tea
1275 1172 1282 1183 ἱ

103 1358 105 1362 “
136 1347 178 1403 et
196 1329 280 1400 aliis
300 1328 534 1405 adminiculis
555 1324 744 1402 firmatum
767 1354 866 1420 esse,
888 1324 1014 1429 aperte
1031 1312 1225 1433 profiteor.¹

630 1484 734 1572 giss,
946 1546 949 1553 Ι
1190 1534 1194 1540 ,

134 1609 398 1678 STVDIVM
441 1609 765 1677 LINGVARVM
800 1610 1222 1693 ORIENTALIVM,

328 1719 397 1788 ET
419 1714 1026 1799 SEPTE'NTltloNALtvnt‚

239 1830 455 1907 ‚Nostnntt
477 1829 766 1896 HVNGARICAE
790 1831 1114 1904 COGNATARVM.

233 1976 272 2040 ll.
454 1973 641 2038 ASSERTI'
657 1971 898 2038 PROBATIO.
950 1994 953 2001 ·

239 2111 395 2207 Iamque
427 2109 520 2187 haec
553 2115 655 2212 ipsa,
685 2135 780 2209 quae
805 2129 997 2211 praeterea
1032 2113 1105 2188 alia
1141 2114 1217 2186 dixi

129 2240 377 2333 adminicula,
406 2243 640 2340 explananda
661 2240 753 2314 mihi
778 2259 882 2325 sunt2
901 2245 1093 2370 quomodo
1115 2261 1152 2318 et
1170 2247 1214 2317 il·

128 2377 167 2449 la
192 2375 400 2445 necessario
423 2378 663 2469 requirantur

236 2502 407 2599 Linguae
437 2518 634 2600 cognatae,
666 2506 704 2573 in
731 2504 919 2576 soluendis
954 2462 1072 2597 dubiis
1085 2462 1213 2627 ,legi-

127 2634 278 2732 busque
299 2638 428 2704 certius
453 2621 630 2729 figendis,
645 2656 783 2730 magno
806 2635 1022 2707 discentium
1044 2658 1212 2708 commo-

128 2764 209 2853 do,
236 2787 349 2860 saepe
371 2779 538 2834 mutuam
562 2763 800 2860 suppeditant
823 2788 950 2860 opem.
986 2758 1212 2836 Grammati-

129 2923 257 2970 corum
285 2893 437 2991 qufldem
470 2891 567 2964 hunc
596 2917 675 2965 esse
692 2919 814 2973 =vsum
836 2896 1070 2992 frequentem
1092 2895 1212 2964 nullus

129 3029 289 3127 dubitat.
319 3023 360 3096 ln
380 3027 506 3124 lingua
528 3041 673 3113 nostra,
689 3031 905 3122 praesertim
926 3029 954 3095 si
970 3028 1048 3094 eius
1064 3024 1213 3119 regulae

127 3171 363 3255 spectentur,
389 3153 680 3250 quamplurima
704 3158 858 3225 obscura
878 3151 1018 3239 adhuc,
1041 3167 1078 3222 et
1099 3149 1213 3224 incer·
1235 3166 1237 3173 ⁴

126 3304 168 3359 ta
188 3310 289 3375 esse,
306 3286 395 3383 satis
417 3301 491 3356 non
514 3283 692 3355 admonet
713 3278 1047 3373 Grammaticorum
1069 3298 1214 3353 nostro-

127 3441 215 3490 rum
238 3388 405 3535 nondum
441 3418 649 3509 composita
679 3410 880 3496 dissensio,
908 3409 1213 3507 scriptorumque
1244 3474 1247 3482 .

124 3559 233 3616 tanta
261 3524 356 3615 inter
384 3567 422 3613 se
451 3541 708 3636 discrepantia
740 3536 830 3611 Sola
851 3537 924 3615 sibi
927 3542 1208 3636 opportunapn

124 3672 185 3746 his
211 3675 350 3747 auxilia
373 3674 529 3745 minime
552 3666 702 3756 sufficit,
727 3690 802 3738 non
821 3668 936 3739 modo
953 3667 1116 3761 vndique
1135 3643 1210 3736 oiri

124 3820 212 3891 cta,
240 3801 444 3873 sedetiam
469 3796 681 3874 intermixta
704 3798 836 3894 linguis
860 3795 1010 3903 prorsus
1034 3792 1209 3881 diuersis,

124 3932 306 4031 singulari
329 3934 405 4004 eius
426 3933 537 4028 genio
561 3926 671 4025 plane
693 3930 888 4028 oppositis.
934 3920 1061 4021 Itaque
1086 3947 1107 3994 e
1129 3923 1212 3995 lon·

122 4067 282 4160 ginquo¹
297 4061 524 4133 inuocandae
547 4075 631 4130 suut
653 4058 818 4155 linguae,
842 4032 1064 4149 cognatiolte
1088 4056 1207 4140 c'erte,
1274 4102 1279 4121 ι

124 4195 199 4265 etsi
224 4195 445 4280 remotiore,
467 4196 560 4264 mira
578 4207 729 4278 tamen,
752 4203 788 4261 et
810 4183 1013 4258 admodum
1030 4178 1110 4269 vtili
1124 4206 1211 4254 con·
1281 4192 1294 4210 ⁴

943 4298 1035 4401 'cr
