2708 4844
68 272 265 382 ’,ψ
539 266 858 399 εκῄ

215 492 226 505 ’
286 492 417 556 Mirum
438 504 491 555 est
509 507 688 577 praeterea
706 508 841 560 tantum
860 498 996 580 linguae
1018 496 1274 577 scrutatorem,

188 581 345 642 'omnino
367 579 638 661 Philosophum,
663 582 799 661 qualem
816 601 855 643 se
872 581 1002 664 vbique
1018 595 1166 646 ostentat
1177 586 1271 647 Hun-

202 666 338 744 garicae
365 664 539 725 Castitatis
564 675 679 726 tantus
709 669 775 727 iste
798 667 978 741 Aeaeum,
1002 667 1044 728 de
1066 668 1200 747 linguae
1223 665 1273 730 t'a·

204 763 284 810 tuen
304 751 451 809 sttuite
469 749 593 824 misere
616 749 842 824 hallucinari,
865 753 967 814 vuius
990 750 1134 813 Herderi
1159 766 1275 813 errore

203 832 410 894 abductumt
430 851 532 912 quem
548 836 670 911 vtique
691 846 724 895 et
746 835 820 913 ipsa
840 837 928 898 ratio
949 853 1012 896 sua
1029 837 1153 897 melius
1174 835 1273 895 adhi-

201 914 299 990 bita,
334 929 368 976 et
401 917 569 988 aliorum,
604 918 640 976 in
676 917 879 978 euoluendis
913 919 1039 999 linguis
1072 910 1275 1000 praesertim

200 998 424 1064 orientalibus
445 1001 636 1083 illustrium
655 997 841 1074 Virorum,
864 1023 973 1082 aeque
994 1005 1126 1064 ratione
1149 1001 1272 1084 proba·

200 1096 237 1145 ta
257 1087 417 1166 frequens
436 1085 648 1158 auctoritas,
674 1085 765 1151 vltro
790 1085 835 1145 ad
851 1087 997 1149 meliora
1019 1089 1140 1169 ‘potuit
1166 1082 1273 1145 dedu·

51 1154 57 1213 't
83 1228 94 1249 r„
122 1173 125 1178 ’
187 1188 288 1251 ωε.
311 1169 434 1229 Primis
459 1167 600 1247 quidem
619 1165 817 1230 hominibus
829 1208 848 1249 ,Α
871 1169 914 1230 ad
935 1172 1126 1252 promenda
1144 1170 1273 1248 cogita·

199 1265 237 1316 ta
268 1271 339 1313 sua·
356 1256 561 1313 necessitate
583 1246 764 1334 impulsis,
790 1253 842 1321 nil
864 1268 939 1316 erat
965 1257 1133 1337 pronius,
1169 1270 1273 1333 quam

199 1336 302 1398 rebus
325 1351 429 1394 sensu
450 1339 644 1418 perceptis,
676 1336 1071 1399 et.obseruatts²naru1n
1093 1338 1282 1419 qualitati·

198 1417 287 1487 bus,
309 1418 392 1476 item
411 1431 444 1478 et
463 1423 594 1493 statui,
614 1421 761 1492 actioni,
784 1425 963 1503 passioni,
977 1434 1064 1487 ,ante
1083 1424 1198 1482 omnia
1209 1439 1273 1482 no·

118 1565 127 1588 f
197 1503 292 1560 mina
311 1497 441 1560 indere.
465 1507 580 1566 Prima
605 1521 683 1581 ergo
702 1503 844 1566 humani
867 1510 1032 1569 sermonis
1054 1508 1155 1565 initia
1176 1515 1274 1569 erant
1340 1551 1342 1555 .

185 1585 364 1655 nomina,
389 1580 511 1645 eadem
533 1601 615 1642 vero
638 1595 732 1652 erant
755 1587 859 1644 simul
882 1602 915 1647 et
938 1588 1068 1656 verba,
1093 1602 1183 1662 quae
1202 1596 1272 1644 sta-

125 1721 127 1725 ,
196 1675 271 1726 tum
296 1674 441 1746 nempe,
472 1666 665 1737 actionem,
698 1674 731 1723 et
750 1663 1172 1742 passionemindicarent.
1207 1661 1273 1726 Suss

196 1762 338 1831 persunt
364 1761 401 1810 et
421 1766 509 1809 nunc
534 1755 603 1820 non
621 1765 733 1830 pauca
758 1749 878 1824 horum
898 1749 1059 1827 exempla
1079 1748 1137 1807 vel
1158 1751 1192 1809 in
1210 1766 1273 1811 no·

84 1892 88 1905 ,
186 1843 269 1894 'stra
287 1833 429 1912 lingua,
450 1827 504 1892 e‘x.
523 1830 669 1913 gr.fogy
680 1872 692 1906 ,
715 1833 762 1890 les
773 1869 783 1902 ‚
802 1833 870 1910 pol
880 1853 893 1900 ;
917 1833 1154 1911 quaenomina
1168 1843 1271 1903 sunt,

194 1917 295 1996 gelu,
313 1917 478 1984 insidiae,
500 1927 660 1988 speum,-
684 1913 808 1974 eadem
818 1931 901 1974 vero
912 1926 945 1973 et
956 1912 1082 1985 verba,
1104 1911 1272 1991 gelascit,

196 1995 401 2073 insidietur,
436 1994 642 2075 spuit...Sed
671 1995 809 2074 linguae
843 1994 1035 2055 Orientales
1065 1993 1273 2059 huiusmodi

189 2082 368 2162 exemplis
396 2077 571 2145 abundant
594 2080 897 2158 quamv-maxime,
916 2075 1030 2139 Verba
1053 2078 1269 2158 prolixiora,

197 2165 384 2235 artefacta,
415 2163 533 2243 qualia
563 2173 642 2222 sunt
666 2178 759 2223 ,nunc
784 2162 950 2243 pleraque
983 2171 1125 2232 nostra,
1157 2163 1268 2224 serius
1312 2205 1319 2217 .

195 2247 329 2310 effinxit
346 2248 497 2307 humana
514 2242 697 2316 docilitas,
715 2262 829 2308 rerum
842 2246 1064 2327 perceptione
1082 2248 1192 2326 magis
1210 2262 1268 2307 au·

110 2398 115 2406 ,
196 2343 284 2402 ota,
305 2341 338 2393 et
360 2331 524 2410 perfecta.
546 2328 670 2390 Atilia
694 2331 806 2407 prima
830 2346 945 2389 rerum
964 2331 1082 2408 signa,
1108 2339 1141 2388 et
1158 2331 1270 2391 nomi.

108 2447 111 2451 ·
189 2408 302 2487 uum,
334 2425 368 2474 et
390 2411 711 2477 verborumvalore
734 2422 921 2490 vsurpata,
946 2407 1179 2492 exposcebant
1200 2412 1268 2472 illi·

76 2487 85 2505 *
196 2500 375 2571 cotetiam
393 2497 581 2573 relationes
611 2494 726 2557 varias
754 2493 797 2554 ad
826 2511 1016 2574 personas,
1050 2510 1141 2574 quae
1167 2497 1265 2575 ipsae

197 2581 244 2642 ad
270 2583 379 2655 alias,
388 2594 436 2663 ,et
459 2581 500 2642 de
525 2579 626 2648 aliis,
648 2577 746 2656 loqui
769 2575 960 2638 tentabant.
983 2577 1069 2658 Ergo
1094 2590 1267 2659 opuserat

193 2667 287 2727 illico
309 2677 344 2726 et
365 2681 587 2746 personarum
614 2661 719 2741 signis
745 2660 789 2720 ad
811 2659 870 2721 has
892 2661 1079 2722 relationes
1109 2658 1265 2722 indican-

128 2800 133 2809 .
193 2749 267 2811 das.
297 2748 370 2811 Ista
402 2767 484 2809 vero
513 2744 738 2826 personarum
766 2743 863 2822 signa
892 2764 936 2806 an
966 2764 1035 2809 non
1061 2747 1138 2826 ipsa
1167 2755 1264 2809 erant

86 2840 90 2845 ’
187 2827 426 2915 pronomina?
457 2828 758 2894 Producostatim
789 2827 824 2886 in
850 2830 1020 2910 principio
1053 2829 1265 2890 euolutionis

136 2962 144 2977 r
191 2932 289 2979 meae
323 2910 417 2997 (pag.
442 2907 736 2995 apud-insignem
768 2906 887 2973 Vateri
914 2909 1194 2974 obseruationem
1218 2910 1262 2971 de

83 2985 87 2991 ⁵
138 2982 151 3059 ,³
192 3012 269 3063 ortu
290 2999 533 3081 pronominum
555 2995 789 3078 personalium
816 3000 907 3057 certe
921 3003 1077 3058 maturo.
1107 2992 1185 3056 Vno
1205 3012 1263 3055 eo-

192 3082 340 3164 demque
365 3095 518 3162 tempore
541 3068 646 3141 simu-i
668 3090 746 3138 sunt
766 3081 836 3140 ista
857 3083 982 3142 sensim
1001 3090 1094 3139 nata.
1125 3078 1168 3139 Et
1184 3095 1263 3138 ver·
1342 3112 1346 3119 ·

188 3163 312 3228 borum
331 3185 391 3248 per
414 3183 580 3247 personas
598 3160 817 3225 inflexionem
839 3164 978 3225 omnino
1000 3175 1170 3222 maturam
1183 3179 1263 3233 cum

190 3251 350 3312 admittat
363 3255 483 3330 etipse
496 3243 715 3310 aduersarius
729 3265 739 3324 ;
766 3244 954 3324 distinguat
966 3258 1142 3326 praeterea
1156 3262 1260 3324 quae-

190 3332 397 3393 demetiam
421 3331 525 3393 affixa
547 3332 582 3392 in
605 3329 720 3391 verbis
744 3328 1034 3390 demonstratiua:
1057 3346 1116 3387 cur
1140 3341 1259 3388 tamen
1306 3360 1314 3375 ι

190 3418 342 3476 coecutit
365 3418 400 3473 in
419 3417 496 3475 lnce
516 3427 590 3488 tam,
611 3413 723 3486 clara,
746 3424 780 3473 et
794 3410 879 3492 quid
891 3430 1007 3473 secum
1019 3413 1090 3492 ipse
1105 3421 1260 3490 pugnat;

186 3508 227 3557 vt
243 3516 313 3557 non
333 3496 473 3568 videat,
507 3507 540 3556 et
557 3499 779 3578 pertinaciter
802 3508 903 3577 neget
921 3496 1142 3579 pronomina3
1166 3509 1257 3571 quae

185 3580 268 3643 'sunt
296 3581 373 3659 ipsa
402 3583 523 3675 vtiqup
553 3579 656 3640 affixa
682 3580 973 3656 demonstratiua,
1007 3578 1052 3639 ad
1072 3577 1273 3643 verborum,
1309 3594 1322 3602 -

186 3664 322 3727 radices
344 3662 525 3743 propt'etea
548 3662 707 3736 adiecta,
733 3675 772 3742 vt
794 3681 960 3746 personas
983 3657 1161 3724 indicent?
1322 3686 1325 3691 ·

270 3744 447 3808 Sufficiunt
471 3747 537 3806 ista
564 3747 620 3809 hic
643 3747 769 3808 cursim
791 3746 931 3810 notata:
960 3758 999 3809 rt
1021 3748 1089 3807 iam
1113 3747 1146 3804 in
1166 3741 1259 3802 limi·
1335 3753 1339 3757 ’

184 3849 227 3894 ne
251 3833 404 3897 sanioris
426 3827 601 3893 doctrinae
628 3848 750 3901 meae,
782 3833 817 3892 in
841 3833 956 3910 lingua
983 3830 1101 3893 nostra
1123 3841 1256 3888 summe

183 3917 420 3995 necesariae,
449 3913 633 3986 obseruent
674 3915 832 3986 veritatis
869 3910 1028 3977 ‘studiosi
1063 3923 1276 3991 streperum¹

183 3997 273 4060 hunc
296 4003 592 4081 impugnatorem,
622 4016 714 4059 vana
725 4035 736 4068 ,
749 3992 753 4001 ’
767 4009 800 4058 et
820 3996 911 4058 futili
934 4009 1119 4059 tumentem
1144 3991 1257 4075 erudi·

183 4077 301 4155 tione,
335 4095 368 4145 et
394 4083 504 4156 falsa,
532 4095 567 4145 et
578 4081 755 4152 confusa,
787 4097 972 4163 secumque
995 4081 1185 4163 pugnantia
1206 4075 1255 4134 lo·

183 4179 357 4248 quentem.
419 4203 422 4207 «

244 4285 247 4289 “
349 4298 360 4327 q
547 4272 848 4311 Μ
