2708 4844
430 227 858 427 mnasrArro.
1170 331 1219 379 xv
1259 276 1262 291 '

143 576 148 585 ,
239 492 284 575 In
307 490 383 576 hac
408 493 725 590 Grammatico,
720 515 761 579 et
785 504 835 576 in
835 506 1002 589 ceteris
1011 488 1124 591 huius
1156 460 1226 615 gc·

123 653 243 734 neris
273 648 616 732 lucubrationibus
642 656 768 736 meis,
786 659 934 745 Latino
965 676 1053 740 vtor
1076 657 1226 746 serrn'u

126 809 346 917 nc.Et1n
372 813 457 915 ipsa
473 808 634 924 quidem
657 813 920 895 Grammatico
950 833 1012 897 est
1034 819 1133 899 haec
1161 822 1227 900 ex'·
1227 826 1257 927 j

127 934 330 1105 planandi
349 972 464 1048 ratio·
476 969 539 1045 vel
559 964 667 1046 domi
684 972 875 1061 nostrae,
896 998 984 1051 mea
1003 989 1139 1057 certe
1120 983 1229 1085 opi
1305 1036 1309 1055 .

124 1138 284 1225 niune,
305 1128 426 1205 multo
442 1124 796 1219 accommodatior
881 1124 885 1129 ‘

242 1241 379 1363 Nam
368 1289 443 1392 1psi
463 1277 572 1363 ciue's
605 1286 755 1377 nostri,
778 1290 913 1425 lingua
939 1274 1093 1417 anobis
1119 1288 1233 1369 diffc·
1257 1277 1259 1288 ’

126 1456 300 1532 rentes,
320 1448 353 1520 si
382 1459 556 1521 nostram
578 1451 735 1551 cupiant
753 1407 997 1542 addiscere,
1009 1450 1232 1556 planiorem

128 1596 456 1713 ingredientur
437 1604 554 1679 viam
586 1602 713 1700 Latini
741 1608 936 1683 sermonis
968 1629 1064 1694 vsu,
1105 1594 1234 1706 magis
1309 1584 1314 1607 “

133 1763 367 1856 communi,
389 1775 429 1837 et
450 1765 546 1866 ipsis
568 1764 655 1845 fere
678 1771 850 1871 apueris
870 1746 1137 1875 frequentato

252 1913 461 2032 Deinde
450 1944 489 1996 m
531 1924 627 2026 ipsis
675 1928 796 2000 etiam
838 1919 992 2003 Scluulis
1038 1914 1238 2009 Publicis,
1275 1908 1278 1915 ’
1319 1896 1335 1949 ’·

136 2073 399 2178 Gymnasiis,
434 2087 474 2149 et
495 2066 750 2176 Academiit,
781 2043 945 2186 quarum
970 2073 1097 2159 finis,
1114 2082 1154 2147 et
1175 2093 1240 2148 oc

137 2233 306 2337 cupario
326 2197 566 2335 praecipuo,
588 2249 723 2308 nostra
742 2232 903 2340 quidem
928 2220 1242 2312 consuetudine,
1319 2325 1320 2328 p

118 2356 208 2471 ¹est
229 2389 366 2494 utiquc
387 2411 517 2464 sermo
541 2387 727 2481 Latinus,
757 2347 1240 2490 aptissimumhacteuus,
1327 2374 1341 2399 ”

98 2576 102 2582 ’
143 2563 190 2627 ct
211 2546 487 2638 scientiarum,
513 2556 552 2619 et
572 2507 821 2644 negotiorum
831 2534 1089 2625 vehiculum,
1108 2544 1247 2619 nostru¹

149 2717 266 2784 certe
297 2669 482 2827 iuuentus
516 2717 567 2769 ex
602 2691 772 2791 diuersis
792 2672 976 2794 gentibus
1001 2693 1050 2772 Ad
1072 2720 1245 2801 commu·

144 2878 245 2940 netu·
284 2819 575 2931 ins-titutionem
621 2855 885 2953 congregata,
931 2844 1130 2922 communi
1167 2851 1245 2930 hoc

150 3015 392 3098 Scholarum
423 3033 636 3103 sermone,
670 3010 829 3111 linguae
857 3009 978 3084 etiam
1002 3008 1154 3113 patriae
1185 3034 1245 3088 re·
1270 2969 1275 2974 ι

149 3175 299 3280 gulas,
334 3164 478 3246 eodem
500 3165 773 3244 technicorum
795 3156 1062 3271 terminorum.
1083 3154 1175 3256 vs'u,
1207 3185 1250 3248 et

152 3333 312 3408 maiore
348 3346 436 3401 cum
470 3320 733 3428 compendio,
771 3331 812 3395 et
841 3296 993 3398 facilius
1014 3317 1247 3401 'condiscct
1323 3326 1327 3393 ἱ

152 3476 432 3592 Hocquidem
466 3491 582 3585 pacto
603 3473 645 3551 id
676 3448 815 3555 reuera
843 3481 995 3577 agitur,
1033 3476 1138 3587 quod
1162 3479 1253 3562 Viri
1288 3526 1291 3539 ·
1343 3547 1346 3553 .

93 3742 95 3751 Ι
155 3634 330 3751 graues,
366 3641 447 3748 qui.
472 3634 522 3741 de
556 3632 830 3715 Grammaticis
874 3604 1252 3714 conscribendis‘ex

156 3806 345 3883 instituto
383 3793 616 3897 disserunt,'
646 3811 754 3875 recte
798 3791 996 3898 agendum
1036 3793 1252 3894 impensius
1274 3757 1288 3848 s

158 3952 536 4040 commendantem
561 3957 718 4056 lingue,
746 3974 845 4060 quae
873 3943 1050 4027 docenda
1071 3950 1253 4030 sumitur,

163 4119 221 4227 vti
248 4127 406 4206 nostru,
433 4098 567 4188 multis
597 4135 674 4187 non
712 4125 823 4188 nota,
851 4109 1160 4212 Paucis-tantum
1185 4101 1254 4177 ub-

147 4295 287 4353 vocurc
326 4282 546 4378 perceptu,
573 4266 748 4379 linguae(
765 4266 927 4348 alterius
949 4268 1028 4341 iam
1051 4273 1167 4341 uotae
1190 4251 1258 4333 ado
