2708 4844
87 326 244 413 ,⁵9⁹
415 354 421 373 ·
569 304 841 404 ‘=-·)0('==

78 534 80 539 v
182 517 224 566 vt
246 519 428 589 propterea
449 502 564 577 leuius
585 508 693 574 feram
714 516 872 594 exiguos·
889 515 1058 598 quosdam
1091 523 1258 602 vitupera*

185 627 302 689 tores,
324 635 401 678 cum
422 620 654 697 reliquorum,
677 637 750 685 turn
761 625 884 688 horum
905 646 1009 709 quam
1028 632 1177 690 maxime
1200 646 1258 688 co·

156 739 329 814 *naturam
358 745 525 791 meorum.
556 731 623 793 Eos
654 732 718 814 ego
744 734 824 819 ¹alto
848 738 955 798 etiam
977 734 1117 799 silentio
1138 736 1258 798 lubens

183 840 429 919 praeterirem3
454 842 523 903 nisi
534 842 737 917 melioribus
760 845 878 926 aliquo
899 865 977 908 ineo
995 866 1159 931 responso
1182 840 1260 906 can·

184 959 259 1009 tum
286 967 360 1011 esse
388 967 567 1031 cuperem.
599 970 687 1037 quos
723 955 784 1017 isti
812 956 936 1019 eadem
967 963 1171 1038 contagione
1195 972 1260 1015 sua

79 1074 82 1079 ·
184 1046 320 1119 inficere
345 1071 520 1120 conantur.

266 1169 326 1230 Est
358 1168 412 1227 his
439 1172 678 1250 antesignanus
703 1171 841 1235 Stentor
870 1175 1033 1257 quidam,
1057 1197 1093 1239 se
1116 1177 1259 1258 plenus,

180 1255 217 1337 et
236 1276 334 1359 ferox
353 1276 563 1359 philologiae
587 1281 754 1343 subsidiis
778 1277 868 1344 male
888 1288 1075 1365 arrogatis,
1100 1283 1258 1345 rnsulsis
1307 1282 1320 1303 ''

178 1404 251 1467 que
284 1389 426 1464 argutiis
463 1391 610 1473 superbe
643 1408 851 1469 contumax,
882 1399 951 1458 imo
981 1399 1089 1457 etiarn
1121 1414 1178 1477 egr
1167 1397 1260 1473 egio

181 1496 425 1558 calumniosus.
449 1499 613 1573 Perfricte
630 1516 734 1580 negat
752 1508 840 1577 iste,
861 1505 973 1578 ridet,
1005 1519 1039 1568 et
1063 1505 1258 1569 ludificatur

179 1605 270 1665 inter
302 1605 369 1665 alia
401 1617 435 1664 et
464 1606 551 1666 hanc
582 1605 931 1671 doctrinam'mearn.
954 1611 1068 1669 Affixa
1095 1616 1162 1670 ista
1186 1628 1260 1673 non
1299 1654 1302 1659 -

180 1727 260 1776 sunt
281 1716 350 1798 ipsi
370 1719 598 1795 pronomina,
620 1736 690 1778 non
714 1719 860 1799 proinde
887 1738 994 1781 voces
1018 1719 1252 1799 significantes

179 1823 222 1888 Et
251 1827 287 1886 in
314 1826 431 1887 verbis
466 1826 608 1907 quidem
634 1828 730 1888 nullo
759 1847 899 1909 prorsus
932 1827 1038 1889 modo
1052 1866 1081 1917 ,ἱ
1096 1830 1132 1887 in
1154 1831 1257 1891 tertia

144 1983 147 1990 .
179 1938 382 2019 praesertim
412 1954 569 2017 persona.
606 1934 719 1997 Verba
747 1940 862 2010 enim,
895 1951 933 1999 vt
967 1938 1025 1997 ille
1058 1939 1128 2011 ait,
1150 1942 1268 2019 prima,

180 2058 276 2107 erant
292 2047 327 2105 in
348 2046 482 2125 linguae
497 2054 593 2125 orant
607 2049 811 2126 pronomina
824 2046 932 2106 multo
954 2048 1173 2127 posteriora:
1192 2068 1262 2115 non

178 2152 338 2238 poterant
361 2153 506 2244 proinde
528 2150 686 2215 adhiberi
719 2153 764 2214 ad
785 2156 923 2217 illorum
953 2145 1176 2221 inflexionem
1199 2179 1279 2240 per.

180 2282 359 2348 personas,
393 2261 509 2324 Verba
537 2263 631 2326 nuda
650 2267 719 2325 iam
741 2252 889 2326 tertiam'
902 2266 1031 2326 faciunt
1050 2284 1258 2348 personame

178 2365 265 2437 hanc
285 2391 364 2452 ergo
385 2391 454 2434 non
476 2371 586 2434 adfert
609 2372 783 2432 adiectum
803 2372 872 2432 illis
893 2392 1084 2455 pronomen
1098 2376 1252 2441 affixum.

263 2477 351 2558 Quis
372 2480 456 2540 talia
477 2477 592 2541 fatur?
613 2479 675 2540 Ille
703 2480 867 2539 nimirum
879 2518 890 2554 ,
926 2483 1000 2562 qui
1010 2484 1117 2545 iactat
1149 2503 1254 2566 saepe

148 2604 152 2611 ‘
181 2588 400 2650 orientalium
416 2589 608 2668 linguarum
631 2588 813 2669 peritiam:
837 2601 869 2650 et
889 2588 973 2652 haec
997 2591 1100 2653 affixa
1131 2612 1255 2675 prono-

178 2717 274 2763 mma
284 2698 479 2779 personalia
490 2737 501 2770 ,
523 2715 610 2776 quae
629 2698 727 2756 iniis
748 2697 864 2776 reipsa
881 2695 1004 2769 adesse
1026 2701 1117 2762 clare
1131 2699 1258 2766 docent

96 2881 100 2892 1
167 2814 295 2870 ¹omnes
323 2810 561 2888 grammaticae
596 2787 833 2867 institutiones
869 2784 1019 2882 obuiae,
1053 2823 1258 2877 nontamen

177 2918 299 2992 videt,
325 2932 359 2981 et
380 2917 599 3000 impudenter
621 2915 811 2997 inficiatur;
833 2916 901 2978 alia
922 2934 1029 2992 vero,
1055 2939 1141 2999 quae
1163 2940 1258 3002 pror·

155 3049 235 3119 'tus
260 3029 404 3105 absunt,
429 3029 560 3109 affingit
581 3028 784 3099 temerarie,
814 3025 961 3089 formam
980 3046 1104 3108 nempe
1130 3028 1257 3093 verbo.

112 3186 115 3191 -
176 3161 254 3204 rum
279 3139 563 3212 determinatam,
602 3139 739 3218 qualem
770 3135 857 3197 falso
892 3140 1016 3229 asserit
1037 3151 1072 3198 et
1102 3153 1282 3218 nostram,

179 3263 278 3328 esse,
312 3258 347 3317 in
379 3275 448 3335 qua
475 3255 652 3317 involutus
683 3257 728 3316 sit
760 3268 859 3314 casus
888 3254 992 3314 etiam
1015 3260 1253 3320 accusatiuus.

176 3363 302 3427 infelix
333 3366 487 3427 studium
521 3363 750 3428 Hebraicum!
774 3350 869 3441 quod
889 3380 910 3421 a
931 3365 1051 3444 primis
1079 3352 1256 3433 literarum

179 3472 336 3554 apicibus
359 3474 472 3536 obiter
495 3473 691 3546 distinctts,
717 3487 754 3535 vt
778 3484 880 3533 antea
898 3470 966 3547 fuit
991 3474 1025 3533 in
1052 3489 1170 3545 more,
1190 3478 1255 3538 vix
1283 3476 1297 3519 ἑ

175 3586 382 3665 processerit
416 3585 551 3663 longius
584 3582 732 3643 lectione
767 3563 1010 3643 miserabiliter
1036 3583 1228 3646 haesitante
1239 3623 1263 3661 ,-

178 3704 212 3754 et
232 3693 364 3772 aliqnot
383 3691 635 3753 versiculorum
659 3692 873 3753 resolutione
894 3694 996 3753 anxie
1018 3670 1198 3754 inculcata.

259 3802 292 3864 Is
315 3802 476 3882 quidem,
501 3803 561 3879 qui
581 3818 617 3860 se
638 3799 683 3860 ad
704 3800 805 3860 huius
824 3805 1066 3880 grammaticae
1088 3778 1254 3866 interiora

176 3916 396 3995 penetrauit,
432 3912 531 3971 nouit
557 3922 592 3970 et
621 3909 729 3970 verba
747 3908 859 3982 nuda,
889 3911 973 3971 licet
996 3912 1098 3990 vulgo
1120 3909 1166 3969 ad
1186 3925 1255 3974 ter.

174 4023 260 4083 tiam
278 4019 466 4080 referantur
484 4035 664 4097 personam
675 4056 686 4089 ,
696 4018 832 4099 proprie
844 4031 960 4078 tamen
973 4016 1145 4079 abstracta
1164 4034 1253 4090 esse,

175 4137 316 4197 nomina
336 4129 469 4191 scilicet
491 4130 547 4191 vel
567 4141 676 4191 statut
690 4129 780 4209 ’VSI
808 4132 978 4204 actionis,
998 4132 1056 4190 vel
1079 4132 1251 4212 passionis

173 4262 235 4330 per
256 4246 333 4327 ipsa
350 4256 548 4326 expressae.
570 4240 665 4306 Hoc·
681 4239 860 4334 admonito
871 4278 885 4320 ,
909 4243 972 4326 qni
1001 4241 1119 4324 aliqua
1141 4240 1252 4326 pollet
