2708 4844
680 223 701 249 Q

139 325 158 380 ,s
310 326 325 375 ι·
415 328 419 337 ·
525 308 803 397 .··..=)o(··'..·.·.·

142 480 307 579 tenuiora
320 533 333 567 ,
357 460 600 565 florenisDC.
616 492 652 547 et
672 475 720 550 D.
750 464 797 551 Et
811 477 914 551 huius
928 480 1076 576 quidem
1092 454 1223 557 Gram-
1240 504 1244 511 ·

96 615 101 631 ’
141 613 301 680 maticae
322 594 430 679 meae
453 586 774 701 drooiurniua,
796 627 887 708 quot
904 626 948 684 e‘a
973 596 1131 697 orimum
1150 632 1226 688 erat

143 733 297 820 datura,
321 732 555 832 requirebant
578 751 738 807 sumtum
763 732 985 815 florenorum
1001 740 1131 821 MDC.
1154 742 1230 815 Ea.

98 916 101 921 -
143 861 229 938 dem
256 891 460 953 veronuno
485 859 646 945 dimidio
673 869 835 954 auctior,
859 869 935 939 iarn
961 838 1029 944 tria
1068 875 1228 970 implens

141 981 378 1090 Volumina,
402 991 491 1071 facit
516 1001 723 1094 impensam
754 996 979 1071 florenorum
1014 995 1228 1080 ttmccc.

146 1123 499 1217 Sumtum‚‘edendo
519 1132 582 1199 vni
605 1144 747 1207 tanturn
762 1114 953 1202 Volumini
970 1126 1228 1219 sufficientem,

151 1279 187 1332 et
210 1267 416 1361 integrum,
440 1275 573 1353 quotus
597 1259 810 1359 suppeditat
833 1277 911 1334 tam
932 1258 1057 1358 largae
1083 1256 1232 1333 munili-

76 1398 79 1403 '
144 1394 286 1463 sentiae
314 1380 542 1483 Maecenas?
568 1389 772 1483 Quotsunt
786 1376 897 1489 p³orro
911 1446 923 1484 ,
947 1394 1009 1490 qui
1033 1393 1077 1465 ad
1096 1364 1230 1465 neces·

74 1526 77 1531 ’
143 1488 281 1594 salium
301 1519 514 1592 huiusmodi
534 1519 883 1620 subsidiumsaltem
901 1537 1023 1620 partes
1044 1547 1125 1594 suas
1139 1528 1232 1596 ami·

20 1716 26 1725 ,
136 1677 187 1725 ea
219 1654 462 1753 consensione
494 1651 618 1748 plures
642 1647 867 1735 conferant?
900 1649 1121 1729 Incredibile
1138 1670 1232 1742 -est,

145 1783 280 1858 eodem
317 1785 472 1855 omnino
508 1779 701 1878 ternpore,
733 1805 807 1880 quo
826 1781 872 1857 ab
903 1784 1008 1853 annis
1033 1783 1233 1880 compluri-

103 1882 109 1895 .
146 1913 214 1986 bus
234 1919 313 2010 ipsa
339 1904 457 2015 Regni
472 1906 753 1985 Comitiatanto
774 1896 919 2015 seruent
942 1913 1128 1986 desiderio
1150 1884 1238 2012 pro·

144 2045 357 2120 mouendae
381 2046 530 2142 linguae
554 2036 713 2141 patriae,
737 2055 885 2113 tanturn
908 2058 1034 2117 tamen
1062 2068 1141 2117 esse
1159 2041 1234 2121 Po·

145 2178 301 2247 tentiam
325 2176 361 2247 in
383 2174 515 2248 eodem
540 2160 674 2269 Regno
708 2184 925 2266 torporem,
959 2186 1099 2242 tantam
1135 2177 1235 2245 ineu·
1274 2238 1276 2243 .

142 2308 265 2395 riam,
296 2307 332 2375 in
363 2309 406 2380 iis
439 2290 588 2405 studiis,
626 2320 723 2395 quae
745 2297 815 2375 huc
836 2293 999 2384 faciant,
1027 2307 1123 2376 serio
1154 2319 1236 2377 tan-

19 2488 24 2497 .
146 2427 233 2502 dem
264 2425 512 2503 subleuandis.
861 2526 865 2537 Ι
1269 2405 1275 2413 ’

102 2538 108 2547 l
249 2559 384 2633 Dimisi
404 2553 588 2655 priuatim
612 2558 804 2655 supplic—es
823 2557 974 2635 libellos
997 2563 1154 2658 amplius
1175 2564 1241 2636 tri·

31 2760 37 2778 -.
145 2689 251 2788 ginta
284 2717 351 2788 pro
387 2687 551 2787 benigno
572 2687 774 2762 subsidio:
809 2689 1087 2788 adquosmihi
1113 2715 1160 2769 ne
1182 2717 1237 2764 re.

57 2854 60 2859 ·
132 2818 456 2925 ‘sponsaquidem
485 2817 570 2901 data
591 2808 703 2907 sunt,
730 2820 871 2918 ingenti
900 2836 997 2892 certe
1036 2838 1238 2895 conatuum

116 3012 118 3017 ,
145 2974 316 3020 meorum
335 2922 511 3036 fastidio,
534 2963 573 3021 et
589 2940 737 3045 'publici
752 2949 925 3025 desiderii
943 2951 1137 3046 neglectu3
1160 2977 1236 3048 quo
1272 3044 1275 3055 Ι

23 3090 27 3099 ’
116 3164 120 3171 Ι
146 3101 208 3150 me
239 3094 399 3176 vtroque
430 3081 493 3153 diu
523 3106 716 3157 necessum
747 3098 823 3154 erat
836 3098 881 3163 ,et
904 3080 1116 3181 rubereket
1138 3085 1244 3156 iusto

64 3300 67 3305 ἱ
145 3209 292 3278 incendi
314 3204 458 3290 dolore.
486 3211 578 3286 Sum
599 3237 691 3284 vero
711 3204 898 3303 indignius
920 3211 1032 3280 etiam
1060 3227 1237 3305 exceptus

149 3309 394 3421 anonnullis3
422 3347 505 3428 qut,
527 3338 829 3427 pacibus-meis,
849 3334 1100 3417 etamicorum
1125 3343 1236 3413 inter·

81 3530 85 3535 .
149 3464 357 3564 pellatione
377 3449 619 3567 aliquomodo
641 3457 818 3564 commoti
834 3511 845 3544 ,
864 3459 1090 3538 inclinabant
1109 3471 1156 3541 ad
1171 3473 1237 3544 ali·

152 3619 264 3694 quam
289 3587 518 3666 liberalitatis
546 3580 707 3674 speciem
722 3637 736 3672 ,
757 3603 951 3686 angustam
985 3617 1097 3684 sane,
1127 3597 1240 3671 mihi.

156 3752 228 3824 que
251 3728 313 3798 vel
329 3730 408 3821 ipsa
430 3713 683 3788 recordatione
704 3722 791 3793 satis
814 3719 935 3794 adhuc
957 3724 1139 3799 acerbam.
1161 3727 1245 3801 oba

150 3859 221 3931 lati
239 3871 322 3931 sunt
342 3863 483 3923 sumtus
494 3840 687 3936 dimidiari,
699 3865 734 3920 et
752 3852 912 3924 minores
924 3882 935 3939 ς
949 3857 1092 3953 integro
1105 3866 1235 3930 tamen

111 3994 113 3998 ’
156 3977 400 4060 dedicationis
425 3978 567 4066 honore
586 3962 772 4057 ui-ndicato
785 4013 796 4070 3
810 3986 973 4055 restricta
993 3985 1041 4055 ad
1056 3990 1236 4064 terminos

158 4086 221 4209 vel
243 4107 353 4184 huius
376 4114 530 4185 truncati
550 4109 715 4184 beneficii
736 4108 996 4207 perceptione3
1024 4112 1121 4187 iacta
1142 4116 1236 4189 rele·
1250 4138 1273 4201 ¹,

152 4247 306 4351 gutierre
328 4246 376 4329 ad
401 4269 507 4347 spem
533 4238 648 4348 lueri,
671 4234 772 4340 quod
793 4264 839 4314 ex
862 4243 1046 4320 editorum
1071 4226 1237 4320 emtione
1261 4322 1264 4327 ,
