2708 4844
627 194 634 223 Ι

184 316 193 427 J
218 329 279 411 41⁶
365 326 687 394 nrrnoroonr
704 333 743 398 r.
757 328 784 393 1.
800 327 919 394 secr.
934 327 980 393 11.
998 286 1090 397 cie.
1106 330 1147 427 n.

181 520 184 525 >
219 512 326 556 sonae
343 512 456 579 sono,
476 496 733 577 pronuncianda
752 506 850 557 sunt:
874 495 973 558 cnoel
984 539 997 570 ,
1016 498 1145 577 onnalr,
1169 498 1293 580 ebbul,

222 603 322 664 ubbdl
331 650 342 680 ,
359 605 482 682 ebben,
506 605 631 682 abban,
652 617 729 668 etc..
746 603 778 666 N
781 622 824 666 on
844 594 992 667 absimili
1018 607 1145 686 modo,
1166 627 1209 669 ex
1232 622 1298 670 vsu

220 728 400 792 veterum,
418 715 520 777 etiam
538 727 615 779 ante
637 714 799 793 nomina,
811 711 894 775 licet
916 716 963 778 sic
975 717 1129 799 scripta,
1146 719 1178 778 o'
1194 739 1297 798 gyor-
1323 740 1329 751 ·

215 837 276 902 tyn
296 822 407 902 torro,
430 824 461 884 a'
483 827 717 906 nrogyoro‘zor,
752 822 781 884 θ’
801 825 858 886 lre'z
870 867 881 898 ,
899 823 926 884 c'
947 827 1077 915 beszesd,
1106 826 1288 913 neglectae

214 932 376 996 radicalis
403 952 573 995 consonae
594 935 669 1010 vis,
697 935 733 996 in
762 946 915 997 exstante
944 938 1095 1000 nominis
1113 956 1289 1017 consona,

212 1046 411 1109 sonantiore
439 1024 657 1123 cupressione
681 1046 846 1108 exerenda
871 1060 942 1112 est:
978 1064 1188 1133 agygyorryu
1218 1065 1292 1112 tar-

217 1154 275 1232 16,
299 1154 575 1235 ommogynru'zut
585 1202 596 1233 ,
616 1155 737 1230 ecles,
760 1156 925 1240 ebbeszed.

205 1328 208 1335 ¹
308 1261 410 1343 Quod
432 1279 507 1333 cum
526 1280 590 1348 ego
612 1263 680 1324 iam
701 1262 827 1326 dudum
841 1263 1130 1343 persuasissimum
1150 1261 1293 1327 habuis·

189 1385 311 1445 ‘semz
340 1387 388 1455 ea
403 1381 453 1431 est
471 1371 584 1448 ratio,
611 1391 669 1434 cur
699 1373 968 1436 demonstratiua
997 1385 1137 1450 nostra,
1161 1374 1288 1436 articu-

212 1475 350 1558 lnmque
372 1480 663 1558 praepositiuum‚
686 1482 731 1557 c',
760 1480 809 1555 α’,
835 1481 922 1556 ime',
944 1481 1043 1553 omn’,
1070 1480 1286 1559 apostroplro

188 1590 356 1661 motata,
371 1586 406 1646 in
425 1587 576 1645 versibus
597 1586 705 1657 meis,
735 1585 779 1645 ad
802 1603 931 1646 morem
951 1588 1114 1646 Graecum
1141 1600 1175 1647 et
1196 1586 1292 1648 Lati-

201 1710 293 1755 -num
316 1691 467 1768 exactis,
504 1701 701 1751 constanter
724 1672 789 1770 pro
818 1689 931 1777 longis
959 1689 1196 1770 adhibuerim
1219 1714 1294 1757 non

207 1813 349 1865 accentu
366 1798 486 1878 acuto,
509 1800 570 1862 sed
592 1800 764 1880 positione
788 1799 922 1886 longis3
945 1801 1051 1880 quod.
1067 1801 1176 1863 cuiuis
1199 1800 1291 1866 vltro

132 1884 143 1905 κ
208 1922 305 1994 patet
328 1928 371 1971 ex
392 1911 433 1971 iis
446 1927 566 1988 ,quae
587 1912 664 1971 sunt
679 1907 839 1971 hactenus
859 1907 1052 1989 explanata.

192 2021 196 2027 ’
239 2017 245 2026 ’
306 2018 425 2081 Media
456 2013 536 2078 fere·
555 2026 690 2094 aetate,
714 2035 784 2079 non
814 2017 913 2097 pauci
939 2016 1126 2096 Scriptores
1156 2023 1287 2101 nostri,

172 2101 176 2113 Ι
207 2128 301 2213 inter
317 2146 402 2208 quos
424 2127 627 2207 praecipuus
656 2137 710 2190 est
727 2123 914 2210 Telegdius
925 2170 937 2203 ,
965 2122 1047 2186 haec
1068 2126 1284 2190 demonstra-

216 2240 314 2314 tiua,
332 2233 578 2316 articulumque
597 2236 888 2316 praepositiuum,
911 2257 937 2298 z,
954 2232 1093 2296 radicali
1123 2238 1284 2316 priuata,
1344 2262 1346 2267 ·

210 2357 353 2409 accentu
373 2348 493 2429 graui,
512 2345 549 2416 ὲ,
569 2356 604 2407 et
624 2343 664 2421 ἁ,
694 2344 828 2428 signare
850 2355 1109 2406 consueuerant.
1144 2344 1193 2405 De
1216 2365 1288 2426 quo

209 2475 271 2516 vsu
294 2452 481 2515 estnotula
501 2453 536 2521 in
568 2452 795 2515 Grammatico
814 2449 1030 2514 Molnariaria
1054 2451 1171 2535 (Libr.
1191 2454 1217 2516 1.
1242 2456 1287 2516 de

209 2556 360 2641 Etymol.
383 2557 465 2637 Gap.
490 2556 599 2643 111.):
623 2557 695 2635 „in
719 2555 870 2618 articulis
893 2552 940 2634 ὰ,
961 2555 1002 2632 ὲ,
1025 2570 1179 2619 accentus
1203 2576 1284 2642 gra-

208 2669 295 2749 „uis
308 2665 390 2745 „vel
408 2666 653 2751 circumflexus
682 2662 779 2744 rm,
798 2677 880 2729 nota
906 2681 956 2729 est
984 2667 1087 2731 elisae
1113 2688 1286 2732 consonae

208 2800 288 2863 „23
310 2790 345 2839 vt
365 2777 407 2855 d,
427 2777 466 2854 ὲ,
487 2796 549 2858 pro
574 2798 636 2851 oz,
659 2797 714 2851 ez,
734 2774 816 2854 ille,
838 2778 889 2854 is,
910 2778 973 2838 iste
983 2825 1001 2855 .,
1019 2775 1085 2840 hic.
1097 2783 1119 2818 ‘⁴
1143 2780 1218 2840 Hoc
1241 2779 1286 2841 si-

207 2909 276 2980 gno
301 2889 359 2951 isti
380 2905 514 2969 quoque
534 2903 664 2947 moram
684 2884 907 2971 longiorem,
929 2888 972 2949 ad
994 2874 1283 2969 compensandam

210 3006 372 3068 omissam
397 2988 584 3062 consonam
613 2997 822 3078 radicalem,
854 2997 906 3062 his
929 2998 1106 3062 vocalibus
1134 3000 1281 3064 dandam

209 3111 382 3174 esse-satis
403 3108 617 3183 indicarunt,
633 3107 810 3169 diuersam
832 3109 875 3169 ab
896 3120 1016 3184 acuta,
1039 3128 1196 3194 grauem,
1222 3125 1280 3169 seu

210 3222 390 3296 obtusam,
426 3204 633 3298 productam
663 3229 795 3286 tarnen3
826 3215 935 3296 qualis
968 3217 1105 3279 auditur
1135 3216 1169 3277 in
1196 3234 1281 3278 voce

132 3310 139 3321 ⁸
208 3331 292 3408 led,
315 3348 357 3393 ex
375 3326 505 3409 kegyed
523 3335 696 3415 contracta
707 3368 719 3399 ,
744 3323 877 3386 diuersa
903 3324 945 3386 ab
968 3335 1067 3387 acuto
1090 3322 1132 3398 e',
1150 3341 1202 3385 ex.
1225 3343 1279 3408 gr.

205 3440 242 3501 in
267 3458 348 3500 voce
366 3439 445 3515 det,
469 3436 620 3503 dubium.
662 3433 889 3501 Confirmatur
920 3428 1003 3523 ergo
1038 3447 1071 3496 ct
1101 3436 1169 3495 isto
1192 3452 1275 3511 vsu,

208 3546 290 3610 haec
306 3547 593 3625 demonstratiua,
610 3545 1135 3630 articulumquepraepositiuum
1149 3585 1160 3618 ,
1173 3541 1280 3604 etiarn

201 3684 226 3745 ⁸c
244 3658 389 3725 radicali
408 3658 585 3746 neglecto,
603 3676 665 3739 pro
687 3654 798 3742 longis
821 3651 907 3721 s'umi
935 3642 1104 3738 oporter'e.

123 3799 128 3810 ¹
228 3844 231 3859 ,
261 3778 264 3783 ’
298 3765 343 3832 ‘In
363 3769 618 3834 Commentario
645 3785 725 3829 meo
754 3768 788 3830 in
821 3767 903 3830 duas
924 3764 1153 3830 Allocutiones
1172 3759 1281 3823 Fune-

207 3872 306 3953 bres,
326 3873 386 3934 sub
406 3890 490 3934 voce
509 3875 651 3952 ozclruz,
673 3891 774 3954 quam
797 3873 847 3937 ita
866 3871 946 3958 lego
966 3874 1070 3939 ozlroz
1080 3916 1093 3949 ,
1116 3868 1199 3932 haec
1226 3886 1281 3930 ea-

209 3984 288 4047 dem
323 3983 493 4064 exposui,
525 3982 647 4045 iisdem
683 3980 844 4064 exemplis
867 3980 1059 4057 illustrata,
1088 3989 1123 4041 et
1145 3987 1279 4060 partem

208 4091 392 4155 maximam
413 4091 521 4155 verbis
541 4094 645 4155 etiam
669 4092 802 4156 iisdem.
830 4095 917 4175 Apte
937 4110 1020 4156 vero
1047 4099 1138 4152 stant
1158 4087 1222 4149 ista
1244 4096 1279 4149 et

207 4199 263 4266 hic
274 4250 287 4285 ,
306 4203 447 4290 proprio
476 4212 592 4291 utpote
615 4201 719 4286 locor
744 4213 779 4268 et
804 4214 1023 4289 opportuna,
1046 4198 1206 4281 utilisque
1225 4207 1278 4257 est

1155 4346 1277 4396 fiotum
