2708 4844
322 305 382 370 oa
407 302 698 376 sustrnnnvu
722 304 1020 396 ostunensis.
1149 322 1233 395 149-

130 492 205 549 stra
228 500 318 550 vero
344 493 464 549 aetate
490 464 704 552 suscitatum
732 478 802 551 hoc
827 480 988 553 studium
1016 477 1204 575 praeclare
1232 553 1236 559 ,
1335 464 1339 471 ’

130 592 282 679 distinet
307 608 495 706 complura
516 608 734 682 excellentia
757 615 916 706 ingenia.
1003 667 1010 677 ,

236 736 332 806 Cura
350 741 473 833 itaque
491 737 600 808 subiit
614 741 810 835 plerosque
823 755 974 809 exactae
986 736 1202 835 prosodiae:

131 881 175 939 vt
196 868 233 934 in
259 862 363 936 huius
384 869 527 960 generis
546 868 710 937 versibus
733 866 896 961 perfecta
917 883 1013 938 esset
1038 869 1204 938 omnium

64 1024 70 1037 ¹
131 1000 339 1071 consensio.
390 992 575 1091 Optantur
604 997 705 1091 leges
732 997 953 1092 singulares,
989 1010 1204 1091 separataea

134 1126 198 1196 sed
219 1148 307 1220 quas
330 1146 421 1220 ego,
447 1147 535 1194 meo
564 1126 714 1219 quidem
740 1125 899 1205 iudicio,
921 1149 997 1195 non
1026 1139 1116 1220 puto
1142 1146 1205 1195 ne·

132 1257 333 1343 cessarias3
361 1275 443 1324 cum
465 1250 612 1324 abunde
642 1250 826 1325 sufficiant
854 1255 1066 1350 generales,
1089 1249 1203 1350 paulo

132 1398 217 1454 ante
242 1386 447 1475 expositae.

234 1507 331 1581 Nam
356 1511 504 1596 breues,
522 1525 559 1580 et
582 1512 715 1608 longae
735 1512 918 1609 syllabae,
943 1513 1040 1584 vltro
1064 1511 1205 1584 discun-

131 1657 191 1712 tur
210 1665 290 1710 vsu.
319 1641 424 1732 Quae
451 1644 586 1739 longae
616 1643 707 1714 fiunt
733 1644 919 1715 vocalium
943 1644 1204 1735 concretione,

133 1775 366 1866 acceptisque
388 1773 642 1857 incrementis,
668 1773 729 1843 vel
750 1774 1031 1844 consonantium
1058 1795 1207 1844 concur·

131 1922 197 1982 su;
226 1904 263 1971 in
292 1899 542 1995 etymologia,
569 1903 654 1973 loco
682 1904 810 1997 vtique
839 1906 1010 1998 proprio,
1042 1901 1204 1973 ubertim

56 2095 67 2117 .,
130 2030 388 2124 explanantur.
430 2031 485 2103 Vt
506 2030 664 2103 adeoet
692 2028 757 2115 has
785 2033 982 2125 prosodiae
1008 2034 1108 2129 leges
1131 2035 1205 2102 iam
1251 2048 1255 2063 ·

131 2164 170 2232 in
193 2177 383 2232 numerato
406 2159 563 2249 habeat,
588 2161 749 2256 quisquis
772 2161 1023 2261 etymologiae
1046 2165 1205 2234 rationes

133 2312 262 2361 omnes
287 2288 403 2385 probe
430 2290 585 2377 nouerit.
638 2287 744 2379 Quae
774 2303 829 2359 est
857 2290 951 2359 inter
984 2305 1128 2361 nostros
1158 2289 1207 2360 de

131 2418 306 2515 prosodia
338 2411 535 2497 dissensio:
578 2438 622 2487 ea
650 2414 697 2488 ab
725 2409 966 2513 etymologia¹
984 2418 1107 2502 venit,
1144 2415 1205 2486 vel

131 2546 324 2644 neglecta,
346 2548 407 2619 vel
427 2569 501 2641 ηομ
524 2545 775 2617 consentiente
797 2535 918 2617 studio
938 2545 1204 2647 peruastigpta.

229 2750 266 2815 a.
339 2694 700 2817 oasanrasrouss
723 2728 1003 2816 sutovtnnsa

171 2976 178 2991 t
232 2911 471 3006 Disceptatur
497 2910 543 2989 de
572 2908 688 2987 halitu
715 2911 753 2982 h.
800 2906 906 2978 Hunc
929 2929 998 3002 ego
1020 2905 1058 2974 in
1078 2902 1204 3009 lingua

130 3057 255 3115 nostra
285 3035 494 3112 densiorem
524 3039 640 3109 doceo
666 3035 782 3109 halitu
804 3040 916 3111 etiarn
940 3034 1093 3130 aspero,
1120 3054 1205 3126 pro-

131 3196 204 3268 que
230 3185 454 3244 consonante
475 3167 620 3255 habeo,
645 3191 719 3238 non
740 3187 828 3234 vero
853 3185 920 3258 pro
942 3162 1014 3236 leui
1044 3158 1204 3255 adspira·

130 3302 253 3387 tione,
284 3316 324 3371 vt
343 3299 439 3371 solet
458 3301 495 3378 in
515 3300 641 3393 lingua
660 3296 794 3371 Latina
817 3288 996 3364 adhiberi.
1043 3283 1209 3364 Praeiuit

128 3428 225 3503 mihi
247 3428 423 3503 Siluester
448 3433 600 3523 antiquo
622 3424 818 3521 exemplo,
849 3418 949 3519 quod
980 3420 1205 3502 cumulatum

98 3560 106 3567 ’
131 3576 188 3634 est
207 3552 327 3633 vel'in
345 3563 455 3633 vnico
478 3560 555 3633 eius
582 3555 790 3628 versiculos
872 3630 876 3637 ,

128 3692 209 3775 nit
228 3684 363 3793 beant
379 3684 463 3787 boa
485 3685 636 3783 unless
649 3733 662 3774 f
676 3683 730 3763 tit
749 3674 887 3779 bada,
909 3669 991 3778 bod
1013 3692 1052 3758 te
1072 3669 1206 3758 torres.

233 3820 329 3908 Alit,
356 3818 456 3917 quod
474 3817 573 3890 bona
598 3838 839 3921 eorumpace
863 3810 1002 3887 dictum
1029 3832 1108 3895 esse
1134 3831 1204 3879 vo-

69 4000 73 4009 ·
128 3950 193 4040 lo,
218 3952 390 4023 videntur
418 3948 510 4022 mihi
546 3949 616 4044 ipsi
645 3969 768 4017 secum
801 3965 975 4040 pugnare.
1013 3940 1053 4013 In
1084 3937 1205 4011 verbis
1262 3965 1290 3985 ·

129 4085 423 4178 potentialibus,
451 4086 593 4170 addat,
617 4079 877 4165 vertendae
901 4088 1046 4171 potest,
1082 4066 1227 4167 percu-'

134 4230 214 4291 tere
240 4232 384 4317 potest,
408 4217 569 4287 sentiunt
598 4211 651 4312 illi
680 4208 817 4282 halitus
843 4210 869 4280 u
899 4229 1030 4277 sonum
1059 4202 1204 4278 densio-
1236 4306 1239 4311 y

947 4331 981 4406 Κ
1006 4353 1033 4427 a
