2708 4844
139 359 143 366 ·
191 369 257 441 322
300 299 647 451 ersnotocuu
667 347 708 411 P.
729 346 756 411 r.
781 340 899 412 sscs.
917 346 964 412 u.
988 346 1081 435 car.
1103 346 1133 411 1.
1180 296 1198 420 ζ

679 514 769 581 ESZ.

289 620 419 719 Notaut
435 646 539 707 porro
562 625 785 688 Grammatici
802 625 970 704 Hebraei,
994 625 1081 686 inter
1104 640 1188 704 quos
1210 629 1262 682 est

188 735 392 812 Michaelis,
416 736 474 797 ·vir
506 733 717 798 auctoritatis
752 735 943 798 maximae:
976 753 998 796 a
1030 731 1200 794 veteribus
1231 743 1261 796 tt

191 849 304 932 (rav)
328 847 486 922 literam,
513 864 589 908 cum
608 843 661 906 illi
689 842 837 932 dagesch
857 847 1062 927 impressum
1084 862 1153 905 non
1174 838 1259 918 luit,

187 934 264 1020 ciam
290 955 391 1019 sibi-lo
413 955 673 1036 pronunciatam
691 951 817 1031 fuisse3
844 955 984 1037 proprie
1006 952 1118 1016 valere
1142 949 1272 1016 Arabi·¹
1345 964 1348 971 ·

107 1108 110 1113 ·
187 1064 264 1131 cum
285 1069 394 1143 tache,
417 1065 586 1128 Graecum
609 1063 654 1143 S,
677 1063 728 1126 vel
753 1063 936 1151 Anglicum
957 1067 1005 1129 th.
1030 1065 1096 1130 Sed
1108 1081 1184 1146 eam
1196 1062 1264 1123 He-

185 1179 279 1241 braei
304 1172 464 1238 hodierni
483 1160 661 1237 consonae
684 1197 702 1234 s
727 1193 812 1236 sono
841 1188 942 1238 acuto
970 1179 1185 1258 exprimunt:
1208 1190 1262 1241 ex.

186 1271 401 1387 gun-'ilpbtss
415 1329 426 1360 ,
440 1284 610 1368 elmuinusz
618 1331 630 1362 ,
642 1303 711 1365 non
722 1286 894 1348 armenum
902 1332 913 1364 ,
931 1286 1076 1351 viduitas
1090 1305 1101 1363 3
1115 1262 1261 1387 ΙᾙΒὶξξ,

183 1386 319 1476 gulusa,
344 1373 411 1456 tion
431 1399 575 1478 gu‘lutlt,
597 1397 791 1477 captiuitas.
831 1398 904 1459 Hoc
925 1417 951 1469 n
981 1396 1094 1480 (tau)
1119 1393 1262 1458 Hebrai·
1347 1464 1351 1473 Ι

185 1521 262 1563 curn
282 1504 443 1563 conuenit
470 1505 725 1582 quodammodo
753 1523 831 1566 cum
858 1505 980 1567 Latino
1005 1519 1043 1568 t.-
1066 1503 1201 1583 quando
1224 1501 1261 1561 id

183 1590 302 1671 antei
323 1621 390 1671 stat
409 1621 634 1687 consequente
654 1608 723 1670 alia
741 1609 870 1685 vocali,
895 1629 947 1670 ex.
968 1629 1022 1690 gr.
1045 1611 1175 1682 Titius,
1206 1609 1257 1668 Ti·

109 1694 118 1706 .
182 1721 244 1794 rii,
266 1718 367 1805 ¹Titio
403 1717 618 1798 (Michaelis
644 1716 792 1778 Gramm.
820 1718 921 1779 Hebr.
947 1715 1042 1780 Libr.
1064 1718 1095 1780 Ι.
1122 1718 1201 1797 Cap.
1225 1718 1255 1779 I.

183 1820 215 1912 ᾗ.
234 1844 266 1908 3·
280 1829 307 1916 )
330 1825 436 1892 Addit
454 1821 653 1911 Hempelius
677 1823 737 1902 (in
753 1826 881 1886 Pn'mt's
894 1825 1045 1908 Linguae
1063 1827 1166 1887 Hebr.
1183 1827 1259 1890 Ele·

183 1929 329 2021 mentis)
348 1955 374 2006 n
400 1935 519 2020 (tau)
535 1935 655 1999 literae
678 1935 827 1999 sibilanti
842 1950 910 2008 et}
935 1932 1100 2020 (daleth)
1123 1934 1263 1998 literam

184 2048 269 2113 olim
289 2040 394 2129 aeque
416 2045 620 2110 sibilantem.
655 2045 723 2108 Sed
741 2043 934 2108 Buxtorfius
953 2044 1018 2107 hoc
1042 2059 1063 2117 Ἰ
1089 2049 1262 2131 (daleth)

183 2154 423 2239 adspiratum,
436 2157 508 2217 siue
519 2153 623 2216 molle
633 2200 646 2234 ,
666 2152 768 2234 quale
783 2153 846 2231 sit,
860 2154 933 2231 ait,
947 2150 1128 2217 noshodic
1141 2157 1199 2221 vix
1211 2175 1261 2220 as·
1309 2212 1311 2217 .

171 2268 291 2348 sequi.
315 2267 405 2357 Non·
415 2267 507 2326 enim
528 2262 626 2326 aliter
642 2263 869 2343 pronunciare
882 2263 1062 2327 didicimus
1076 2268 1112 2329 D
1121 2313 1133 2346 ,
1145 2286 1259 2349 prose-

94 2368 98 2381 '
155 2378 300 2459 =quitur
330 2392 462 2455 porro,
487 2391 589 2453 quarn
617 2370 790 2452 quomodo
817 2384 920 2434 sonat
944 2374 980 2434 D
1004 2373 1193 2454 Latinum,
1223 2387 1258 2438 et
1319 2394 1321 2399 ·

56 2546 64 2561 ,
149 2466 151 2470 ’
186 2480 372 2566 Malaita)
393 2483 573 2544 Graccum.
606 2479 684 2542 Non
704 2481 842 2560 putauit
863 2479 927 2544 huc
950 2503 988 2545 ea
1011 2485 1146 2565 valere,
1170 2505 1256 2566 quae

182 2595 224 2658 de
242 2595 373 2654 Graeco
397 2581 576 2674 Natales)
600 2591 635 2651 in
654 2589 896 2652 Grammaticis
913 2606 1099 2658 notantur:
1121 2614 1194 2658 eam
1214 2593 1256 2656 li-

72 2748 76 2759 .
181 2717 291 2766 teram
319 2688 356 2763 in
384 2700 588 2781 quibusdam
614 2696 767 2760 dialectis
798 2701 874 2781 <et
897 2724 919 2761 σ
941 2702 1041 2780 (zeto
1065 2716 1100 2766 et
1117 2678 1252 2787 sigma)

186 2829 347 2890 sonasse,
362 2809 508 2891 proinde
532 2825 650 2869 reuera
672 2826 751 2868 cum
774 2808 875 2871 sibilo
896 2816 1156 2890 pronunciatam
1176 2812 1255 2877 luis-¹

183 2940 230 2984 se.
256 2920 310 2985 Sic
329 2938 381 2981 ex.
400 2936 452 3003 gr.
471 2917 663 2979 Atticorum
684 2904 759 2989 uvido
770 2962 782 2993 ,
805 2920 936 2996 ortu-a,
958 2916 1035 2981 aliis
1061 2916 1127 2981 luit
1147 2917 1254 3006 urs‘go3

181 3030 370 3093 Doriorum
389 3015 486 3109 pudic
500 3075 509 3104 ‚
522 3046 662 3086 mamma
674 3071 686 3102 ‚
699 3024 772 3086 aliis
792 3020 902 3111 Ιμσιζός.
922 3026 1035 3090 Etiam
1055 3044 1076 3103 7
1097 3029 1253 3120 (daleth)

180 3137 387 3202 uerrucam
408 3130 606 3197 incrassato
627 3135 771 3196 nauca
792 3135 989 3218 plerumque
1012 3137 1147 3202 sibilat:
1158 3124 1264 3227 quod

183 3249 253 3309 iarn
275 3247 421 3311 vidi-mus
447 3245 482 3305 in
500 3245 587 3324 *tim
611 3242 623 3323 (
640 3247 717 3305 mod
722 3251 738 3331 )
755 3245 926 3306 adiectiuo
935 3293 947 3324 ,
962 3248 1121 3310 Hebraici
1140 3268 1254 3331 super-

184 3351 281 3416 latiui
298 3351 506 3432 formatiuo,
529 3331 623 3434 quod
640 3356 764 3417 Arabes
785 3359 842 3439 bl?
865 3353 1001 3443 (mersa)
1027 3357 1153 3420 dicunt.

277 3461 351 3522 Iam
380 3481 422 3522 ex
450 3461 502 3525 his
523 3461 623 3526 facile
644 3468 884 3548 consequitur,
912 3476 1041 3529 veteres
1060 3466 1252 3554 neglexisse

183 3565 333 3654 dagesch
357 3570 394 3631 in
421 3572 576 3634 secundis
601 3592 735 3656 quoque
757 3577 1109 3660 verborumpersonis
1122 3624 1135 3655 ,
1156 3538 1253 3658 pirae-

152 3683 154 3687 ’
185 3678 302 3742 sertim
328 3674 554 3772 foemininis,
587 3666 782 3767 dictumque
810 3684 911 3748 fuisse
942 3687 1009 3750 illis
1039 3708 1100 3769 pro
1129 3693 1254 3751 bretol-t

181 3790 348 3874 karol-se,
379 3809 442 3872 pro
466 3794 608 3870 palad-r
632 3796 806 3876 palad-sa.
826 3794 929 3887 ‘Nam
952 3813 977 3866 n
1002 3801 1112 3882 iton)
1133 3798 1254 3875 litera,

182 3917 267 3962 sono
299 3897 416 3964 literae
444 3914 459 3967 t
487 3919 670 3983 expressa,
695 3903 828 3965 adiecta
854 3905 877 3964 Ιι
903 3906 1153 3988 adspiratione,
1178 3909 1253 3986 tlte,

34 4034 39 4043 ·
117 4031 125 4069 κ
180 4007 335 4099 huncque
355 4008 498 4072 halitum
519 4011 618 4074 simul
642 4011 855 4093 exprimendi
880 4031 1028 4099 conatu,
1053 4027 1172 4098 suapte
1194 4036 1253 4078 na·

181 4132 257 4183 tura
275 4119 437 4200 procliuis
458 4133 507 4182 est
526 4123 561 4183 in
584 4121 730 4185 sibilum.
762 4123 910 4186 Proinde
932 4139 965 4186 et
987 4125 1098 4206 ipsum
1120 4146 1251 4209 prono·

180 4247 258 4293 meu
275 4231 333 4333 ϊῇξς
360 4221 466 4312 (att)
476 4275 488 4314 ,
502 4228 660 4319 neglecto
679 4228 845 4321 dagesch,
866 4243 901 4296 et
918 4234 1078 4301 restituta
1095 4235 1249 4320 adspira-
