2708 4844
242 328 282 393 rt
404 308 411 323 ‘
456 277 747 382 ouruoamrr'
757 312 875 381 sacr.
887 312 914 377 1.
940 308 1035 382 car.
1047 308 1093 373 u.

343 482 401 554 Sic
424 510 533 581 porro
555 491 761 583 exprimunt
780 503 816 559 et
839 484 957 568 Galli,
982 501 1017 555 et
1035 478 1140 566 Itali,
1166 478 1305 551 combi-

237 628 341 683 natas
361 616 479 687 literas
498 638 579 715 gn:
605 643 661 690 ex.
688 643 739 709 gr.
765 620 803 686 la
825 640 1051 713 compagae,
1072 636 1241 706 campus;
1264 614 1304 681 la

238 738 377 839 vigne,=
392 746 495 815 vitis:
524 771 732 843 vergvgmr,
766 747 904 842 pudor3
932 769 1077 843 cogno,
1103 766 1263 814 somnus.

340 868 471 969 Neque
502 873 597 946 huuc
628 899 758 947 sonum
793 880 929 947 sincere
967 874 1120 960 docent,
1159 874 1220 967 qui
1253 870 1301 942 ad

238 1023 322 1069 eum
347 1006 625 1097 exprimendum
647 1032 671 1074 n
690 1030 771 1076 cum
789 1008 808 1099 j
830 1008 1017 1088 iunctum,
1041 1006 1104 1094 ιη’,
1141 999 1302 1093 exempli

239 1154 364 1203 caussa
386 1131 572 1205 adhibent.
601 1133 698 1206 Nam
722 1152 759 1207 et
780 1138 849 1207 isto
873 1132 1042 1230 liquidior
1061 1134 1213 1228 exigitur
1241 1118 1300 1200 s'o·

237 1282 329 1346 nus,
356 1285 464 1356 quem
487 1287 564 1335 vox
586 1267 673 1336 uiua
692 1266 821 1336 melius
846 1263 1045 1335 instillabit.

336 1383 615 1479 Pronunciatur‚
639 1418 733 1465 sono
758 1418 832 1465 non
862 1394 996 1487 pleno,
1023 1390 1145 1484 lingua
1170 1398 1303 1479 utpote

235 1518 399 1612 palatum
423 1544 498 1591 non
528 1523 699 1608 feriente,
716 1518 791 1593 ¹sed
813 1521 976 1590 dentium
998 1516 1222 1607 superiorum
1246 1536 1303 1582 ra·

237 1645 377 1719 dicibus
399 1630 522 1738 allisa,
549 1666 587 1722 et
612 1649 725 1723 halitu
748 1652 847 1720 tenui
866 1647 995 1717 fortius
1018 1657 1202 1741 protruso.

330 1826 374 1890 D.
419 1825 733 1893 cousottatt‘rts
756 1820 961 1888 LABIALES
987 1818 1197 1906 QVINQVE.

341 1961 594 2047 Consouantes
613 1961 762 2036 labiales
780 1963 939 2061 quinque
954 1970 1196 2029 numerantur.
1214 1949 1305 2019 For-

235 2108 380 2161 mantur
399 2060 521 2166 autem
542 2097 700 2180 leuiore,
725 2093 785 2170 vel
811 2091 981 2176 fortiore,
1007 2087 1185 2159 labiorum
1207 2085 1307 2152 com·

235 2225 447 2313 pressione,
470 2241 506 2295 et
530 2222 674 2300 halitu,
699 2243 814 2321 aeque
835 2219 950 2291 leuius
964 2272 976 2306 ‚
1006 2219 1067 2289 vel
1091 2214 1217 2293 fortius
1242 2234 1304 2283 ex·

233 2371 376 2452 presso·

322 2454 330 2477 ⁴
493 2496 704 2567 uarauro
726 2500 841 2567 rouo
863 2496 1042 2567 rrrruo,

339 2650 380 2706 1,
403 2650 433 2727 2·
705 2635 731 2699 B
754 2646 789 2701 rt
808 2633 848 2699 P.

338 2768 485 2845 Literae
506 2772 529 2841 b
551 2791 646 2868 etp,
676 2801 769 2848 sono
798 2756 1000 2847 admodum
1019 2771 1187 2855 vicinae,
1217 2790 1303 2841 cott-

237 2897 340 2971 fundi
361 2901 498 2990 solent,
522 2908 734 2996 praesertim
759 2931 780 2977 a
809 2902 1000 2981 Germanis
1031 2900 1172 2969 nostris.
1222 2890 1304 2967 Hoc

236 3051 304 3101 nos
325 3053 496 3101 cauemus
517 3035 602 3102 satis
624 3032 721 3103 claro
743 3034 930 3133 utriusque
954 3030 1170 3101 discrimine.

340 3158 379 3235 B
403 3158 548 3235 effertur
568 3159 691 3249 labiis,
716 3161 837 3246 leuto,
870 3182 912 3231 ac
944 3157 1104 3233 molliter
1131 3154 1305 3237 occlusis,

134 3382 137 3387 Ι
239 3291 434 3383 statimque
455 3291 639 3377 diremtis,
663 3290 778 3367 halitu
801 3292 958 3371 interea,
987 3287 1136 3367 leuiter,
1165 3303 1304 3362 orasse·

239 3439 310 3511 que
334 3440 517 3511 expresso.
544 3416 632 3493 Eius
651 3438 784 3495 sonum
806 3416 945 3493 edimur
958 3464 970 3500 ,
985 3426 1026 3483 vt
1044 3406 1168 3487 Latini
1188 3409 1223 3479 iu
1238 3429 1304 3483 vo·

116 3614 123 3625 ,
239 3543 358 3639 cibus':
385 3545 504 3619 barba
515 3600 529 3635 ,
555 3548 667 3638 beta,
686 3546 777 3619 bilis
789 3597 803 3631 ,
833 3542 946 3620 bubo.

341 3676 381 3746 P
396 3675 572 3747 formatur
589 3658 693 3744 labiis
712 3674 846 3767 pariter
864 3672 1008 3743 claussis
1018 3722 1029 3759 ,
1046 3667 1111 3740 sed
1131 3665 1305 3761 diruptio-

237 3829 287 3882 ue
306 3804 587 3885 vehementiore
609 3802 766 3897 apertis,
794 3815 831 3875 et
851 3801 968 3879 halitu
989 3801 1154 3873 tenuiore
1183 3796 1303 3867 durius

240 3950 421 4029 protruso.
458 3932 546 4005 Eius
577 3957 685 4005 sonus
718 3949 773 4005 est
800 3931 896 4027 apud
923 3956 991 4003 uos
1015 3953 1161 4027 quoque
1182 3926 1304 4007 idem,

230 4065 304 4175 ¹qui
334 4058 431 4178 apud
461 4057 617 4139 'Latinos
644 4066 682 4137 iu
712 4060 883 4137 vocibus:
906 4061 1071 4157 papula,
1090 4061 1218 4157 piper,
1240 4074 1306 4151 po<

238 4214 388 4288 panumf.
