2700 4838
112 226 116 233 ’
195 242 257 363 325
355 226 682 342 srrnosooun
695 275 735 339 P.
749 221 965 342 usnemu.
979 276 1073 343 cnr.
1084 281 1112 346 1.
1205 256 1248 341 .“

194 460 248 525 et,
281 442 385 520 iacit,
417 457 494 507 sunt
519 447 666 527 primum
693 437 907 528 composita,
936 451 1043 525 Ια-εῖς
1083 443 1262 509 vocalibus

194 537 317 622 deinde
335 557 467 620 coalitis
481 570 597 619 natum
617 557 669 619 lo't
679 559 840 640 ,proprie
851 560 1013 621 visionem
1012 561 1119 642 facit.
1142 556 1262 633 Haec,

191 666 282 736 dicta
300 667 382 729 licet
399 684 468 748 per·
484 635 735 748 odniecturam,
756 666 885 732 habeut
902 681 1017 732 tamen
1038 663 1262 751 probabilita-
1299 676 1304 691 ¹

190 792 258 837 tem
276 793 343 835 non
365 775 550 859 modicam.

201 880 203 884 ⁴
273 884 338 944 Sed
358 902 464 966 pergo
485 904 529 946 ex
547 884 684 975 linguae
702 906 764 950 vsu
786 888 891 950 etiam
913 887 1019 955 altero
1041 891 1105 952 hoc
1125 889 1162 950 dt
1180 904 1260 969 pro-

170 1011 314 1087 nomen
342 992 467 1055 clarius
488 986 634 1071 'eruere,
657 996 761 1077 idque
789 1001 921 1062 numeri
933 1033 956 1076 ,⁴
977 1010 1139 1083 utsupra
1160 997 1257 1074 dixi,

188 1094 369 1183 utriusque.
394 1100 495 1187 Viget
512 1103 682 1183 peculiare
701 1105 735 1167 in
748 1089 872 1192 ‘lingua
888 1122 1001 1174 nostra
1018 1110 1196 1171 verborum
1210 1104 1259 1170 ai·

126 1230 134 1258 ¹-
185 1209 291 1274 fixum
311 1215 364 1284 tels
376 1256 386 1287 ,
409 1230 471 1290 pro
490 1212 662 1274 vocalium
684 1216 837 1294 ratione,
855 1237 942 1296 quae
963 1221 999 1282 in
1020 1218 1190 1281 radicibus
1204 1236 1257 1281 oc-

187 1332 347 1398 currunt,
370 1320 473 1381 etiam
503 1321 569 1381 lolr.
605 1322 711 1384 Huius
738 1342 815 1387 vsus
844 1324 1013 1415 Hungaris
1040 1339 1093 1387 est
1117 1325 1259 1390 notissi-

52 1426 55 1433 ’
88 1414 96 1427 ’
185 1448 282 1501 mus3
308 1429 368 1491 sed
395 1429 494 1512 origo
524 1427 687 1509 implexa.
720 1432 792 1495 Hac
812 1432 923 1497 forma
942 1433 1127 1516 alloquitur
1144 1436 1257 1518 prima
1335 1440 1339 1449 '

183 1557 332 1618 persona
361 1536 541 1623 singularis
570 1540 754 1603 secundum
783 1544 959 1623 utriusque
987 1546 1146 1617 numeri,
1176 1540 1253 1602 aliis
1327 1595 1330 1605 .

183 1645 277 1707 lruios
302 1664 467 1726 personae
488 1649 689 1711 accusatiuis
713 1665 813 1729 saepe
831 1649 1016 1734 neglectis,
1030 1667 1130 1730 saepe
1147 1648 1252 1711 etiam

183 1752 344 1830 adiectis,
358 1773 417 1834 per
432 1754 686 1834 pleonasmum,
706 1756 749 1818 ad
768 1756 935 1818 maiorem
952 1756 1172 1820 euidentiam.
1196 1757 1252 1820 Sic

143 1887 152 1915 r
179 1852 353 1947 secret-led
373 1864 505 1942 solum,
526 1879 562 1929 et
579 1869 711 1930 adiecto
734 1866 802 1929 alio
822 1867 1033 1948 pronominis
1051 1868 1251 1930 accusatiuo
1282 1933 1286 1941 ,

172 1977 355 2059 ιίὶιιψετ-Ιείε
384 1978 536 2056 te'gedct,
566 1974 653 2039 huuc
677 1990 811 2040 sensum
842 1973 947 2055 facit,
974 1996 1053 2038 amo
1066 1989 1122 2038 -te
1134 2015 1147 2026 -
1159 1992 1251 2062 ego:

74 2165 77 2175 Ι
165 2064 329 2165 'Apol-dole
340 2132 350 2163 ,
373 2096 408 2144 et
426 2086 573 2168 Apol-tols
592 2089 744 2170 re'gedet,
773 2089 908 2150 suauior
921 2097 1102 2170 -te-ego:
1125 2087 1253 2169 sceret-

85 2210 87 2215 ’
184 2201 236 2258 lels
263 2199 405 2274 tlrclset,
438 2199 585 2278 epol-lah
612 2200 749 2273 tirohet,
774 2206 1068 2282 amo-vos-ego,
1093 2196 1254 2259 suauior·
1289 2250 1301 2271 ,

183 2325 244 2367 vos
257 2345 269 2354 -
283 2324 372 2389 eg03
395 2304 485 2367 idem
512 2308 614 2368 etiam
645 2325 826 2388 suppresso
847 2307 984 2382 tuerer,
1006 2316 1169 2380 contextu
1187 2323 1254 2366 ser-

110 2419 116 2426 ’
153 2416 292 2478 'monis
323 2415 489 2497 pluralem
518 2416 701 2477 indicante.
739 2411 986 2494 complectitur
1010 2412 1084 2475 hoc
1107 2416 1159 2476 lelr
1184 2414 1251 2494 pri-

182 2544 270 2587 mam
289 2545 491 2606 personam,
510 2543 652 2604 eamque
674 2519 905 2608 singularem,
932 2535 1034 2604 atque
1053 2544 1116 2586 vna
1139 2535 1172 2585 et
1194 2540 1244 2585 se-

174 2622 348 2713 cundam,
372 2655 513 2717 eamque
542 2631 675 2695 numeri
705 2632 889 2713 utriusque.
924 2629 1086 2696 Adhibita
1112 2631 1245 2715 analysi
1297 2605 1316 2626 ⁹

180 2741 244 2805 hoo
262 2743 352 2807 clare
372 2745 550 2807 euoluitur.
572 2742 727 2805 Primam
745 2760 931 2827 personam
945 2744 1058 2805 reddit
1078 2754 1169 2804 certe
1183 2740 1248 2817 eiu

179 2851 269 2936 quod
297 2851 395 2916 huius
422 2872 590 2936 personae
610 2870 799 2934 pronomen
821 2870 893 2914 esse
912 2853 981 2914 iam
1003 2852 1139 2933 liquido
1164 2870 1246 2914 con-

124 2938 127 2955 *
176 2974 252 3027 stat.
278 2965 394 3049 Quare
417 2969 449 3041 l,
471 2966 563 3044 quod
591 2960 777 3044 asyllabum
802 2973 928 3040 restat,
950 2980 1142 3043 pronomen
1172 2982 1245 3025 esse

151 3146 155 3155 Ι
177 3072 278 3145 debet
296 3073 462 3135 secundae
479 3084 664 3155 personae,
678 3085 770 3134 certe
791 3072 833 3134 de
853 3071 908 3149 At,
931 3071 1088 3151 absorpta
1106 3071 1242 3151 vocali,

173 3182 274 3264 idque
297 3184 471 3263 utriusque
492 3185 644 3246 numeri:
676 3183 843 3262 siquidem
864 3183 947 3264 l-els,
970 3195 1004 3243 et
1026 3181 1138 3260 vocali
1160 3202 1242 3256 con-

83 3310 90 3335 r
174 3303 331 3376 gruenter
351 3302 482 3355 mutata
505 3298 593 3372 l-olr,
626 3293 733 3355 verbis
755 3286 914 3375 affixum,
939 3305 1074 3374 praeter
1094 3294 1240 3374 primam

146 3419 352 3480 ·.pers0nam
383 3415 564 3488 agentem,
597 3403 667 3489 iarn
690 3403 979 3481 demonstratam,
1000 3415 1034 3464 et
1056 3402 1239 3466 secundam

173 3509 300 3571 indicat
317 3528 500 3591 personam
514 3511 580 3589 sibi
597 3498 812 3591 inuolutam,
831 3530 974 3594 eamque
988 3512 1158 3591 utriusque
1177 3528 1239 3571 nu·
1296 3512 1299 3517 ’

172 3622 279 3700 meri,
301 3622 389 3682 etin
410 3624 601 3695 accusatioo
623 3643 704 3686 casu
715 3671 727 3704 ,
752 3625 800 3685 vti
817 3624 987 3686 obiectum
996 3619 1110 3702 ,quod
1129 3619 1238 3681 actio·
1297 3658 1300 3663 -

123 3777 126 3784 -
170 3751 248 3794 uem
269 3732 413 3812 recipit,
434 3748 718 3816 re-ego,vos-ego.
739 3735 837 3797 Hunc
858 3735 1003 3797 omnino
1021 3728 1169 3792 valorem
1185 3725 1237 3790 his

170 3841 250 3902 solis
271 3845 379 3934 inesse
402 3862 476 3904 vsus
493 3842 630 3931 linguae
649 3845 751 3907 docet
766 3863 868 3924 quam
886 3824 1077 3905 clarissime.
1102 3839 1235 3924 Quibus

170 3951 287 4014 addita
305 3953 398 4014 verbi
423 3951 626 4038 significatio
647 3950 849 4017 sententiam
872 3950 1236 4033 complet,miracon-

169 4063 350 4137 cinrritate,
372 4062 472 4123 vnico
491 4074 624 4123 tantum
644 4062 795 4125 verbulo.
819 4063 907 4125 Nam
917 4061 1235 4147 sacret-l-ek,a‘po!‹

164 4157 236 4233 'l-ol·
247 4217 259 4250 ,
285 4171 477 4247 secundum
495 4169 645 4257 singulos
667 4172 780 4255 apices
801 4174 947 4259 genuine
970 4169 1128 4250 reddita,
1152 4191 1232 4254 pro·

1292 2409 1300 2443 l

1337 2708 1345 2739 Ι
