2700 4838
131 310 139 319 ’
202 376 207 387 ·
237 388 241 395 -
268 364 492 449 ,surrent
513 360 651 431 narro
673 364 943 433 rr'rsnartru.
1095 375 1152 450 127

86 538 197 610 'rudes
218 536 326 609 fuisse
351 540 548 611 literarum.
588 536 660 607 Alii
687 554 834 626 contra,
860 556 901 609 rt
929 537 1023 610 hanc
1047 528 1155 632 origi'-

88 668 195 738 nibus
217 670 348 739 nostris
371 668 550 736 maculam
573 665 820 755 detergerent,
845 666 996 759 pulchra
1022 689 1153 761 conge·

87 813 172 867 runt
191 812 426 889 argumenta,
450 819 513 864 eos
536 820 608 862 non
627 800 788 888 potuisse
809 796 918 865 literis
939 819 1069 865 carere.

196 923 289 992 Nam
315 920 497 1003 oteness,
518 920 734 991 Hunnorum
758 914 949 1016 Princeps,
974 944 1156 990 memora·

86 1064 148 1119 tur
166 1051 287 1117 literas
306 1054 488 1144 scripsisse
507 1053 552 1119 ad
576 1046 693 1123 Sinas.
734 1044 913 1142 Scythae,
938 1049 1171 1119 Hunnorum-

87 1181 282 1270 origines,
301 1176 531 1269 Principum,
559 1194 593 1246 ct
618 1174 779 1246 Herourri
809 1199 864 1244 res
892 1188 1012 1267 gestas
1035 1174 1158 1244 'literis

87 1312 359 1397 consignarunt.
390 1304 523 1375 Attila.
539 1324 625 1400 post
647 1324 789 1400 partam
817 1305 1008 1372 victoriam
1034 1307 1069 1372 in
1089 1303 1157 1375 lta·

86 1438 161 1519 lia,
193 1440 236 1505 ad
267 1436 543 1533 propagandam
573 1438 735 1533 linguam
760 1431 1008 1534 Hungaricam
1040 1438 1159 1533 magi·

86 1584 181 1635 stros
196 1592 216 1635 e
229 1588 292 1636 sua
310 1568 496 1660 prouincia
511 1568 650 1641 accinit.
679 1566 839 1637 Fuerant
851 1582 1042 1661 praeterea
1053 1564 1156 1634 Hun-

85 1699 147 1780 ni,
172 1698 282 1764 ctiarn
302 1691 715 1791 posteriores,Poeseos
736 1708 922 1764 amantes:
948 1718 1027 1762 cum
1050 1694 1157 1763 belli·

85 1844 150 1892 cas
173 1826 321 1891 virtutes
345 1822 630 1919 suas,versibtts
653 1817 958 1915 comprehensas,-
985 1819 1155 1891 decanta·

84 1972 129 2019 re
156 1946 419 2016 consueuerint.

193 2073 294 2147 Haec
323 2084 430 2143 vsum'
460 2058 645 2143 literarum
673 2074 872 2144 maioribus
899 2077 1030 2144 nostris
1066 2075 1159 2146 olim

86 2194 312 2277 familiarem
341 2190 436 2274 clare
472 2202 626 2271 docent:
667 2200 730 2271 sed
757 2204 882 2297 quales
910 2204 995 2273 illae
1023 2204 1157 2275 fuerint

87 2326 257 2418 literae,
273 2333 360 2426 quia·
383 2330 483 2401 nulla
502 2343 694 2424 supersunt
717 2347 980 2419 monumenta,
1014 2322 1173 2425 decerni,

89 2476 166 2533 r'rotr
188 2474 326 2554 potesta

193 2588 393 2660 Ostentant'
426 2587 538 2662 Siculi
567 2566 800 2663 Transiluani
828 2591 1002 2687 quasdam
1034 2591 1160 2663 literas'

92 2722 311 2815 peculiares,
339 2743 427 2813 quas
458 2743 525 2815 pro
558 2719 692 2790 Hunno
724 2717 900 2814 Scythicis
933 2721 1061 2792 haberi
1090 2738 1160 2789 voa

91 2850 190 2935 lunt,
218 2873 239 2918 a
260 2847 386 2918 dextra
408 2847 454 2917 ad
478 2848 659 2924 sinistram
690 2850 943 2942 procedentes.
982 2846 1160 2942 Complu-

91 3001 148 3048 res
170 2981 279 3046 etiam
303 2976 384 3045 Viri
408 2975 526 3062 docti,
549 2983 760 3071 cumprimis
783 2976 927 3062 Belius,
944 2979 1072 3059 acriter
1093 2988 1161 3067 pro'

92 3107 135 3174 iis
163 3103 386 3200 depugnant.
416 3099 489 3174 Sed
512 3128 586 3172 rem
609 3109 768 3197 penitius
794 3100 1085 3193 expendentibus
1105 3099 1161 3168 vl·

92 3240 150 3295 tro
171 3240 290 3319 patet,
317 3226 489 3319 figmenta
512 3225 602 3295 lraec
625 3252 705 3293 esse
728 3228 808 3291 aeui
833 3225 1055 3314 posterioris.
1082 3206 1163 3293 Pis.-

57 3398 63 3414 ·
94 3360 197 3425 mutin
219 3358 316 3424 enim
338 3358 461 3425 literae
485 3360 573 3423 istae
594 3375 734 3419 morem
760 3349 975 3421 orientalem
989 3375 1056 3422 nec
1072 3352 1162 3450 figu.

94 3510 133 3556 ra
162 3487 337 3567 referunt,
367 3511 432 3554 nec
463 3485 601 3553 ordine.
648 3474 796 3550 Deinde
823 3496 858 3549 et
889 3480 1054 3569 traditio,
1089 3506 1163 3577 qua

95 3614 286 3685 Hunuicae
298 3616 474 3706 reliquiae
488 3636 567 3680 csse
589 3614 791 3696 iactantur,
816 3634 887 3680 non
903 3627 956 3681 est
971 3627 1160 3697 constans,

95 3761 134 3816 et
153 3746 367 3813 communis.
399 3741 494 3810 Nam
516 3743 643 3809 Simon
662 3748 707 3811 de
728 3740 851 3823 Keza,
876 3757 911 3810 et
933 3743 1016 3827 alii,
1042 3739 1162 3835 quide

95 3874 138 3941 iis
154 3890 378 3941 mentionem
399 3870 573 3953 lecerunt,
585 3868 792 3939 Valachicis
807 3873 949 3963 potius,
962 3884 999 3936 et
1014 3869 1164 3936 Slauicis
1265 3858 1269 3863 ¹

96 4002 233 4070 Similes
256 3999 545 4087 dixerurrr31icet
565 4017 599 4066 et
622 4000 679 4065 isti
700 4022 772 4067 non
796 4012 891 4067 recte
914 4000 985 4064 sint
1008 3995 1136 4070 locuti.
1206 3966 1209 3977 Ι

196 4126 273 4219 *Qui
291 4154 380 4209 ‚eam
404 4145 478 4196 tam
503 4130 681 4205 incertas,
705 4128 814 4196 serius
838 4128 872 4192 in
892 4125 1013 4197 lucem
1037 4137 1163 4218 protu-

97 4238 244 4346 lerunt,
270 4262 356 4330 satis
385 4263 496 4329 etiam
525 4254 729 4329 differentes
754 4253 1008 4331 exhibuerunt.
1050 4244 1167 4325 Tale?
