2708 4844
148 293 192 354 en
565 243 881 346 merem!

148 451 191 520 iis
216 445 448 533 obseruator,
471 461 551 517 tota
564 424 616 518 wab
636 449 716 542 ipsa
733 446 917 547 pendeat3
945 450 1058 521 etiam
1078 464 1223 545 etymo*

20 585 25 594 '
147 579 274 675 logia,
286 575 376 649 haec
389 573 623 671 expendens,
636 550 758 651 eidem
777 558 909 649 reuera¹
923 580 1097 649 innitatur
1110 558 1237 675 'quam'

147 710 322 784 maxime.
351 705 452 781 Vsus
471 711 501 780 is
529 725 605 798 est,
628 708 730 806 quod
753 725 790 781 et
820 709 993 782 Horatius
1015 736 1224 785 asseuerare

146 863 224 912 non
246 836 428 911 dubitauit
435 840 576 934 ,nuent
602 858 715 936 penes
741 842 1049 934 cardiniensem,
1073 858 1112 922 et
1136 851 1223 929 ius,

147 984 186 1043 ct
208 993 344 1043 narnia
366 971 552 1066 loquendi.

251 1098 325 1172 Sed
350 1114 388 1170 et
408 1098 589 1171 Varronis
611 1103 833 1177 sententiam
853 1103 934 1198 quir
959 1115 1070 1198 neget
1093 1123 1223 1172 veram

146 1229 253 1303 esse?
279 1231 519 1303 Consuetudo
540 1234 733 1326 loquendi,
761 1228 816 1302 alt
839 1231 960 1320 ille,
944 1254 985 1304 m
1008 1243 1115 1304 motu
1136 1248 1224 1304 est:

138 1360 292 1460 itaque
304 1388 348 1433 so
351 1361 403 1431 let
417 1361 517 1471 fiere
539 1386 588 1434 ex
615 1365 691 1436 met
690 1365 772 1435 iore
802 1366 969 1435 deterior
1003 1366 1019 1452 (
1031 1359 1094 1434 De
1111 1359 1224 1459 Lr‘ng.

145 1488 234 1569 Lat
257 1488 344 1563 Lib.
370 1485 529 1577 VIII.)
556 1485 606 1561 Et
630 1514 722 1566 vero
748 1492 921 1588 linguam
942 1515 1222 1588 quamcunque,

144 1619 242 1692 bona
276 1618 539 1694 consuetudine
575 1620 666 1691 olim
699 1619 905 1709 firmatam,
945 1643 1058 1716 posse
1086 1621 1222 1692 vitiosa

145 1747 408 1822 consuetudine
425 1747 474 1818 ad
492 1771 674 1826 summam
697 1749 826 1818 venire
849 1746 1147 1834 deformitatem,
1164 1769 1223 1816 sa·

143 1876 189 1949 tis
212 1872 347 1950 docent
367 1875 430 1945 vel
452 1873 632 1963 Latinae,
656 1873 848 1970 quondam
872 1876 1115 1960 cultissimae,
1141 1871 1220 1948 fata

142 2008 298 2078 omnino
319 2005 482 2106 indigna.
509 2003 655 2082 Eadem
676 1985 773 2081 certe
795 2002 1025 2078 consuetudo
1039 1990 1219 2090 deterior,

138 2138 177 2207 in
199 2151 324 2208 nostra
347 2123 495 2233 quoque
518 2138 643 2236 lingua
665 2131 894 2233 llrmgarica,
915 2132 1027 2209 seculi
1047 2135 1220 2229 proxime

140 2266 257 2360 elapsi
286 2266 484 2362 postremis
512 2278 658 2337 tanturn
683 2266 788 2332 annis
821 2263 938 2333 ferme
969 2266 1122 2359 triginta
1152 2261 1220 2339 ad·

138 2393 295 2487 modurn
316 2390 438 2489 longe.
452 2393 646 2490 processit.
675 2388 774 2465 Nam
798 2414 863 2478 ea,
878 2394 916 2462 in
937 2391 1015 2463 dies
1037 2394 1154 2487 magis
1174 2414 1219 2462 ac

137 2525 254 2620 magis
276 2514 496 2619 imperiosa,
520 2538 557 2599 et
579 2519 629 2594 ad
649 2522 771 2618 ipsam
796 2517 1030 2618 tyrannidem
1052 2535 1218 2610 arrecta,

24 2681 59 2727 ‚⁴
137 2673 214 2724 non
239 2675 358 2746 pauca
387 2653 568 2751 loquendi
592 2656 703 2742 vitia,
726 2676 922 2750 perperam
946 2651 1115 2741 obtrusa,
1142 2654 1219 2742 iam

74 2877 78 2882 Ι
136 2778 247 2853 editis
266 2780 361 2853 adeo
385 2782 526 2881 legibus
551 2783 699 2862 firmare¹
717 2783 926 2872 contendit,
948 2807 1015 2882 per
1031 2785 1218 2878 mancipia

61 2982 65 3003 3
135 2932 225 2997 sua,
262 2906 427 2982 infelices
470 2909 763 3019 Grammaticos,
812 2913 979 3008 aliosque
1011 2905 1217 3008 Scriptores

31 3085 36 3095 ·
133 3039 345 3119 nonnullos,
375 3040 543 3118 Nimium
568 3041 662 3115 haec
689 3045 851 3115 sentiunt
879 3043 949 3112 viri
977 3039 1088 3127 boni,
1110 3054 1216 3111 vetn-

8 3220 24 3265 ⁴.
44 3204 47 3213 ·
134 3188 235 3263 stae,
253 3196 297 3244 ac
305 3175 471 3259 sincerae
490 3170 761 3246 consuetudinis
781 3172 923 3267 patriae
942 3168 1129 3266 praeclare
1140 3184 1215 3240 stu-

135 3299 242 3371 diosi.
270 3298 404 3396 Neque
420 3301 630 3403 >improbari
654 3293 803 3400 potest,
822 3296 923 3404 quod
939 3296 1143 3371 identidem
1160 3299 1216 3369 in·

133 3442 313 3527 gemuntr
341 3431 461 3524 magis
482 3453 502 3500 e
521 3454 560 3502 re
582 3430 747 3506 futurum
766 3429 900 3518 fuisse,
929 3430 959 3498 si
984 3426 1148 3502 studium
1171 3425 1216 3494 il-

131 3557 200 3629 lud
229 3556 456 3637 excolendae
482 3556 631 3658 linguae
660 3563 824 3658 patriae,
854 3556 955 3656 qnod
981 3556 1077 3628 adeo
1107 3552 1212 3664 elfer-

17 3698 19 3703 ’
133 3685 248 3776 buit„
266 3710 457 3785 nunquam
476 3687 606 3765 fuisset
626 3695 838 3765 excitatum.
866 3688 1034 3789 Linguae
1055 3688 1211 3774 saltem,
1253 3698 1258 3703 '

131 3821 254 3893 minus
269 3806 456 3914 uitiosae,
480 3845 556 3896 non
585 3821 760 3912 fuissent,
788 3823 950 3900 culturae
981 3819 1128 3914 specie,
1151 3831 1210 3887 tot

133 3975 235 4025 noua
255 3953 347 4024 vitia
363 3951 549 4049 adspersa.
576 3952 617 4023 ln
635 3950 695 4025 his
716 3954 814 4025 enim
836 3949 1070 4047 detergendis
1089 3972 1207 4044 quan·

127 4097 189 4156 tus
212 4083 289 4154 iarn
318 4097 374 4154 est
396 4082 520 4176 labor,
544 4105 656 4181 quam
678 4081 856 4174 difficilis,
884 4083 1107 4216 contagione
1129 4095 1207 4154 tarn

32 4201 37 4207 ’
132 4211 210 4286 late
232 4213 419 4316 serpente!
