2708 4844
570 264 800 330 mmmmm
994 228 1022 248 ”
1141 310 1146 317 ,
1186 275 1239 338 ²3-

254 428 512 526 Parsquarta,
539 445 603 493 seu
631 423 880 517 etymologia,
903 395 1229 521 'o'mniumlusissi-

143 581 237 647 ma,
265 556 364 627 vltro
383 532 453 626 tres
470 554 559 627 facit
578 551 813 649 partitiones,
840 566 883 620 vt
906 554 1019 645 paulo
1035 569 1120 622 ante
1135 552 1249 623 vidi--
1309 559 1312 569 '

145 710 256 770 mus;
285 707 423 756 vocum
450 677 712 777 inflexionem,
748 678 1039 766 deriuationem,
1067 697 1104 750 et
1129 705 1229 751 com·

144 819 399 913 positionem3
427 811 585 907 singulas
609 822 704 880 certe
725 806 786 877 vel
806 823 1003 903 propterea
1025 811 1230 881 enuelatius

145 941 383 1016 tractandas:
410 941 550 1038 quod
542 965 578 1009 m
609 936 664 1009 his
671 941 812 1030 posita
775 939 887 1008 tsit
914 935 1079 1030 linguae
1097 941 1230 1007 rectius

147 1071 439 1162 conducendae,
471 1087 508 1142 et
540 1072 719 1165 promtius
747 1075 784 1141 in
820 1078 928 1138 vsum
961 1056 1231 1171 deducendae,
1318 1090 1339 1141 ς

147 1209 275 1277 omnis
299 1203 466 1274 facultas.

259 1328 400 1424 Quinta
422 1329 573 1401 demum
596 1351 698 1423 pars,
729 1327 1074 1420 syntaxisnempe,
1089 1337 1233 1418 etymo·
1263 1357 1273 1378 ·

147 1463 279 1559 logiae
304 1444 567 1557 superstructa,
596 1455 870 1528 Grammaticus
892 1427 1233 1559 complementum,

151 1592 372 1684 extensione
395 1588 482 1658 satis
505 1587 648 1679 ampla,
674 1587 753 1680 pari
776 1583 896 1654 studio
921 1581 1254 1671 euoluenda,pro„

152 1723 311 1794 diuersis
344 1706 490 1789 vocum*
525 1715 850 1787 construendorum
887 1711 1082 1814 generibus
1117 1730 1244 1804 aeque.

153 1851 322 1950 pluribus
344 1846 565 1940 sectionibus
584 1850 817 1944 proponitur.
918 1902 924 1932 ζ

330 2283 336 2292 ,
465 2183 505 2272 C
539 2184 584 2270 A
613 2180 654 2270 P
687 2178 733 2270 V
764 2176 811 2268 T
870 2172 969 2266 11„

233 2372 627 2457 onnunn'ncnn
655 2342 825 2448 Lucus
849 2368 1175 2448 censemus

159 2573 474 2724 Grammatica,
531 2637 743 2731 praesertim
766 2637 890 2719 bona,
911 2648 1069 2725 temere,
1094 2645 1129 2699 et
1145 2652 1241 2722 ‘que-

158 2778 338 2865 licunque
360 2791 445 2840 cura
474 2766 637 2853 leuiore,
671 2767 877 2838 concinnari
900 2784 975 2832 non
1003 2774 1137 2854 potest.
1167 2751 1246 2835 Ha-

160 2907 231 2977 bet
250 2925 295 2973 ce
314 2900 405 2971 fixas
427 2896 606 2994 quasdam
631 2898 730 2993 leges
753 2893 969 2994 generales:
997 2910 1088 2983 quas
1113 2885 1247 2956 Gram-

163 3028 325 3106 maticus
350 3030 523 3123 quisque,
549 3028 619 3096 uisi
639 3049 801 3098 errorum
821 3020 1013 3102 fluctibus,
1040 3032 1082 3084 vt
1100 3011 1249 3082 hodier-

163 3165 208 3236 ni
230 3161 419 3258 plerique,
443 3159 548 3228 sicet
568 3159 647 3254 ipse
672 3156 798 3226 iactari
819 3151 934 3227 velit,
970 3138 1167 3238 cynosurae
1195 3145 1249 3208 in-

165 3306 270 3378 star,
295 3286 443 3373 sedu10,
471 3312 513 3357 ac
537 3284 693 3354 fideliter
715 3280 820 3373 sequi
844 3275 968 3373 debet.
1232 3262 1236 3269 ’

671 3499 702 3577 t·
730 3483 760 3561 l·
790 3570 793 3580 ,
1019 3488 1034 3535 s

175 3650 332 3721 usovu
343 3641 630 3732 enutriuntur
641 3618 1254 3714 nvunnvsfflmlpunnnrto.

284 3782 486 3862 Generales
515 3805 604 3854 vero
633 3777 703 3849 hae
729 3776 833 3874 leges
859 3786 1031 3866 quatuor
1041 3779 1141 3847 sunt:
1170 3780 1255 3834 eon·
1294 3792 1299 3803 ·

179 3924 372 4002 succuris,
398 3916 504 3986 analo
484 3914 598 4011 ogia,
620 3912 761 4005 etymol
761 3908 872 4000 ogia,
895 3914 932 3969 et
956 3897 1148 3990 euphoma.

156 4048 166 4061 '
286 4045 315 4115 l.
344 4037 585 4112 Consuetudo
620 4034 708 4131 quid
741 4031 818 4100 fere
852 4028 919 4109 sit,
960 4043 1043 4090 cum
1074 4020 1186 4086 etiam
1206 4005 1263 4085 de

184 4182 314 4277 lingua
333 4171 479 4314 dicitur,
509 4191 554 4239 ex
575 4167 657 4261 ipso
675 4162 779 4233 vocis
799 4152 949 4237 valore,
972 4144 1070 4217 vltro
1092 4141 1260 4241 quidem

986 4275 1017 4346 Β
1047 4295 1129 4359 4
