2700 4838
170 322 191 375 ’·
230 338 314 457 cfr.
335 356 606 455 pannonum
628 360 1017 434 Donoussanruu.
1102 309 1165 454 nu
1216 338 1220 351 ¹

99 523 236 618 lieszdd,
265 529 319 595 hic
347 538 460 596 sermo
497 516 610 615 (Dan.
632 531 681 597 V..
696 548 738 613 5,
769 550 827 609 rs,
850 543 890 608 24
901 576 913 608 ‚
936 540 985 616 25.
1000 535 1027 618 ).
1041 529 1184 623 ‘Serius'
1221 516 1226 525 ’

99 641 245 720 deinde,
268 645 324 724 qui
347 660 421 704 mos
452 638 555 703 hodie
590 642 789 722 cumprimis
811 643 878 704 iam
908 655 1063 711 constans
1085 655 1175 714 ests

96 748 257 831 inphuios
287 751 439 833 punctuli
463 748 578 811 locum
608 749 824 811 substitutum
855 760 905 811 est
925 749 1057 837 signum
1080 768 1162 833 apo·

98 855 229 937 strophi
251 855 285 942 ('
300 857 336 942 )t
361 859 554 942 olgyortyo
582 854 673 920 tortd
682 903 693 936 ,
716 858 748 920 α’
766 857 986 940 mugyoro‘zut
995 903 1007 934 ,
1027 858 1056 918 ε’
1081 850 1140 919 lre'z
1151 903 1163 936 ,

95 963 124 1026 θ’
141 964 267 1052 ὑψιέά.
320 1021 325 1031 x
408 956 413 965 ’
1074 978 1078 993 ¹

164 1066 167 1079 ¹
191 1058 276 1144 Ante
291 1081 456 1171 nomina,
477 1090 513 1139 et
534 1080 762 1161 pronomina,
781 1097 800 1140 a
820 1062 980 1171 consonis
1003 1073 1165 1139 inchoan·
1191 1144 1199 1162 Ι

26 1216 29 1220 ’
95 1188 144 1250 tia
155 1185 282 1265 ihodie
303 1186 501 1275 haec¹viget
520 1187 657 1273 regula:
677 1200 714 1250 vt
732 1188 936 1271 pronomina
957 1188 1169 1249 demonstra·
1214 1254 1220 1263 ,
1263 1199 1268 1217 ’

95 1297 195 1374 tius,
220 1298 445 1380 articulosque
465 1298 739 1379 praepositiuos,
766 1278 923 1382 neglecto
950 1317 969 1357 a
999 1294 1164 1371 radicali,

94 1425 170 1469 com
182 1403 395 1490 apostropho
407 1454 419 1488 ,
429 1404 525 1470 huius
539 1403 687 1491 defectos
705 1405 803 1493 signo
814 1454 824 1485 ,
837 1415 958 1467 notata
975 1400 1161 1465 adhibean-

79 1506 157 1603 xtiu.
180 1519 225 1579 At
245 1516 301 1580 vbi
319 1514 371 1578 his
393 1516 501 1599 ipsis,
534 1526 693 1596 tanquam
714 1515 906 1578 nominibus
917 1558 929 1591 ,
951 1507 1086 1575 adfixae
1110 1530 1168 1576 ac.

92 1622 219 1688 cddunt
239 1622 529 1713 postpositioneq,
550 1621 703 1704 aliaeque
724 1620 931 1704 particulae,
950 1640 1035 1702 quae
1056 1622 1165 1684 conti·
1257 1628 1264 1643 “
1285 1638 1290 1647 ·

93 1743 214 1795 uenter
236 1732 425 1817 adhaerere
453 1744 588 1796 amant:
620 1733 655 1794 in
682 1730 852 1814 plerisque
873 1732 972 1794 durat
995 1727 1165 1812 hodieque
1196 1746 1205 1773 t

92 1843 208 1918 ratio,
240 1842 540 1922 medii'temporis
570 1843 816 1905 consuetudine
849 1838 1006 1919 firmata,
1044 1859 1165 1902 eorum

47 1959 284 2009 ’consonam
307 1968 327 2008 z
356 1948 393 2008 in
427 1946 644 2011 adhaerentis
673 1947 858 2028 particulae
879 1965 1065 2009 consonam
1091 1965 1165 2008 mo·
1235 1988 1238 1993 ,

98 2053 208 2116 tandi.
238 2054 369 2116 Horum
393 2052 549 2135 exempla
588 2030 755 2134 quaedam
785 2055 851 2114 iam
881 2072 983 2135 supra
1014 2055 1163 2134 adduxi,

34 2223 38 2229 ,
100 2158 220 2244 quibus
242 2160 297 2224 hic
329 2173 362 2224 et
384 2162 448 2224 ista
475 2163 645 2248 adiungo:
674 2180 773 2240 erre,
791 2185 894 2240 arra,
922 2180 1023 2243 supra
1049 2148 1161 2242 hunc,

95 2289 194 2353 sopra
214 2268 335 2355 illum3
352 2275 457 2350 ettol,
471 2272 578 2350 attdl,
598 2271 641 2333 ab
660 2269 743 2349 hoc,
763 2273 804 2335 ab
823 2270 882 2334 illo
896 2275 1026 2352 novel,
1046 2279 1164 2356 noval,

95 2394 172 2441 com
189 2376 276 2462 hoc,
292 2399 367 2443 cum
390 2378 463 2442 illo.
488 2379 554 2442 Sed
574 2377 640 2444 hoc
663 2392 893 2462 postremum,
913 2384 1071 2464 quiaetv
1085 2402 1166 2447 con-

95 2504 180 2552 sont
206 2489 450 2555 mutationibus
472 2491 542 2552 iam
565 2486 676 2577 longo
699 2510 761 2553 vso
792 2491 943 2575 obnoxia
973 2507 1049 2572 est,
1075 2494 1165 2557 recte

94 2596 143 2660 sic
163 2599 263 2689 etiam
287 2598 440 2680 effertur,
471 2602 583 2677 azael,
615 2607 731 2676 nazal,
760 2613 919 2665 manente
950 2623 969 2666 z
999 2603 1169 2686 radicali,

95 2719 131 2770 et
151 2730 172 2770 o
189 2706 289 2771 litera
317 2709 394 2771 huic
416 2721 495 2770 sese‘
515 2710 805 2773 accommodante.
828 2709 950 2793 Aliqua
967 2724 1082 2795 tamen
1102 2713 1164 2776 ho·

95 2834 188 2893 rom,
209 2837 270 2878 vso
292 2814 528 2898 praeualente,
549 2817 794 2903 apostrophum
822 2816 949 2886 habent
966 2823 1100 2903 p‘otios:
1132 2806 1166 2884 ⁶⁶

95 2926 179 3003 hez,
200 2925 231 2987 o’
251 2926 333 3003 hoa,
359 2923 536 3009 adhunc,
562 2927 605 2989 ad
634 2927 751 3008 illom3
773 2929 900 3009 o’lrol,
928 2926 1068 3008 vbi3'u'
1092 2936 1161 3009 mi„
1217 2995 1221 3000 ,

96 3036 188 3117 qood
199 3079 211 3111 ,
232 3034 265 3096 α’
286 3037 392 3115 mint,
414 3037 516 3113 sicut,
542 3037 843 3117 quemadmodum.
1080 3109 1084 3115 ,

189 3140 376 3227 Scriptores
398 3144 561 3226 quidam,
578 3146 792 3226 potissimum
812 3145 1049 3230 Transiloani,
1069 3150 1163 3232 qood
1258 3134 1261 3145 ⁸

97 3261 175 3314 ante
197 3251 338 3314 nomina
371 3244 574 3336 apostrophi
604 3271 683 3316 vsos
712 3252 779 3315 iam
811 3253 1013 3336 indoluerit,
1034 3270 1071 3320 vt
1091 3261 1163 3324 vbi·
1272 3260 1275 3267 '

74 3356 77 3361 ’
95 3382 160 3444 qne
178 3361 386 3445 aequabilem
406 3375 559 3425 tenerent
579 3360 747 3426 scribendi
764 3358 957 3444 rationem,
978 3386 1018 3429 eo
1040 3368 1075 3431 in
1085 3366 1137 3431 his
1147 3418 1160 3451 ‚
1270 3360 1284 3383 ⁸
1332 3354 1343 3379 “

98 3474 355 3554 similibusque,
384 3471 514 3535 malunt
535 3472 604 3535 vti:
625 3470 736 3551 e’nelr,
769 3472 888 3560 a'nolr3
918 3475 1025 3556 e’bdl,
1047 3476 1169 3551 a’tttff'

96 3585 205 3664 e’beu,
224 3583 341 3656 u’bon,·
364 3584 467 3663 e'rdl,
499 3579 605 3654 drot,-
629 3581 737 3662 e'ltor,
756 3584 1008 3671 n’kor;·e’fe‘le,
1036 3591 1159 3673 a’fln3
1214 3572 1251 3673 ’,ν
1277 3572 1286 3585 χ
1311 3588 1314 3597 ’

95 3695 177 3769 dre,
197 3694 295 3764 o’rn,·
322 3693 403 3756 e'tdl
412 3738 424 3770 ,
446 3691 551 3762 aran
579 3693 683 3772 c'vel,
711 3693 807 3777 o'vnl.
839 3695 1047 3780 Apostrophi
1073 3722 1159 3778 vsu,
1211 3746 1214 3750 -

94 3813 167 3865 tam
187 3813 267 3864 ante
287 3803 427 3866 nomina
438 3810 450 3880 ᾗ
472 3820 572 3884 qoam
597 3815 675 3867 ante
702 3800 818 3869 affixas
841 3808 1080 3889 particulatio
1106 3810 1157 3875 his

95 3910 362 3994 posterioribus,
384 3911 622 3993 compendium
644 3910 781 3994 aliquod
797 3927 846 3977 est
864 3912 1007 3995 fortasse
1024 3921 1059 3983 in
1080 3922 1159 3984 scri·

95 4021 233 4101 bendo;
252 4021 311 4086 sed
331 4023 421 4087 idem
443 4023 477 4087 in
495 4022 752 4106 pronunciando
774 4013 952 4107 perperam
973 4029 1158 4097 inducitur.

94 4124 181 4197 Nam
198 4132 285 4213 ista,
304 4134 443 4221 vtottita
455 4131 768 4215 scri-bereplaceat,
788 4134 901 4217 e'aelr,
913 4139 1029 4220 n'nalr,
1049 4141 1134 4203 a’bul
1143 4188 1156 4222 ,

34 4270 40 4279 κ
94 4234 183 4306 a'bdl
191 4289 204 4323 ,
219 4244 308 4315 e'ben
316 4289 330 4327 ,
348 4243 443 4308 a'ban
453 4288 466 4325 ,
484 4254 548 4308 etc.
567 4239 690 4311 fortius
709 4254 824 4323 tamen
833 4286 846 4329 ,
864 4247 1058 4336 geminatae
1076 4269 1155 4317 coo·
