2708 4844
430 309 831 401 rrrnoroom
1104 319 1163 392 1⁸9

199 482 275 566 Qua
295 479 456 565 opinione
474 480 595 542 imbuti
618 479 771 560 plerique
792 476 909 539 eadem
933 475 1093 538 dictitant
1115 484 1166 536 ct·

14 588 25 628 ‘¹
67 655 68 658 ,
101 594 173 658 i'am
197 596 238 656 de
256 569 393 677 linguae
407 603 549 673 nostrae
572 590 692 651 affixis.
716 587 1165 676 Ignorationearcanorum,

98 724 188 787 quae
218 688 392 767 recondita
420 698 523 763 habet
548 698 666 784 lingua
695 709 835 776 nostra,
869 696 952 779 quid
972 695 1095 759 mirum
1118 702 1170 759 est

95 814 143 877 sic
162 813 249 874 istos
270 800 410 874 errare?
496 878 500 883 ,
549 862 562 885 ,

206 927 340 998 Nostra
362 929 547 998 enimuero
573 915 684 996 affixa
708 927 853 1012 omnia,
880 924 991 993 etiam
1013 930 1175 1015 separa-'

92 1076 150 1148 ta,
179 1059 418 1154 significantia
438 1073 546 1129 sunt.
569 1068 680 1129 voces
711 1046 842 1153 ⁸utpote
869 1052 960 1124 olim
985 1072 1096 1123 verae
1123 1050 1162 1122 in

96 1188 223 1285 lingua
247 1188 478 1285 primigenia

178 1311 384 1391 Admirando
405 1307 573 1386 consilio,
595 1328 663 1370 non
687 1320 839 1383 temere,
860 1266 936 1369 sunt
959 1302 1018 1367 illa
1045 1324 1065 1368 a
1091 1304 1163 1389 pri

91 1425 158 1489 mis
185 1421 322 1505 linguae
349 1418 542 1482 auctoribus
565 1415 734 1495 adhibita,
757 1414 1007 1504 significatione
1034 1434 1163 1479 accom-

91 1532 195 1599 moda
214 1530 256 1594 ad
276 1528 640 1611 indicandasvocum,
661 1528 780 1609 quibus
801 1515 983 1591 coniuncta
1011 1539 1112 1606 sunt,
1132 1534 1167 1586 et

87 1641 294 1718 relationes,
315 1650 350 1701 et
369 1648 484 1701 auctas
504 1637 662 1700 notiones
684 1637 909 1700 secundarias.
944 1635 994 1700 Ea
1006 1633 1167 1711 euoluta,

90 1765 143 1818 et.
155 1752 312 1839 genuinis
340 1744 643 1836 significationibus
678 1767 858 1831 expressa,
880 1745 1168 1840 circumscriptio·

88 1883 171 1930 uum
197 1873 390 1944 apparatu,
416 1859 584 1921 concinno
603 1846 823 1923 nihilominus
842 1858 1071 1943 compendio,
1096 1880 1168 1926 ser·

88 1973 201 2037 monis
222 1969 328 2035 nostri
350 1966 560 2052 emphasim,
582 1981 616 2030 et
636 1966 854 2032 excellentem
874 1950 1036 2056 genium,
1069 1989 1176 2059 reue-4

89 2101 130 2147 ra
150 2077 368 2156 orientalem,
388 2077 547 2160 pulchre,
569 2089 603 2139 et
621 2068 747 2141 eximie
770 2077 966 2162 loquuntur.

155 2191 408 2272 ¹Praereptum
434 2185 532 2250 huius
564 2188 612 2250 rei
644 2187 837 2270 exemplum
864 2189 906 2254 de
935 2187 1088 2272 pluribus
1114 2193 1161 2254 sit

89 2298 158 2365 hoc
177 2299 311 2375 vuioum
333 2298 376 2361 ad
400 2295 546 2378 aliquam
566 2295 772 2381 claritatem:
799 2297 992 2381 Scor-atem
1013 2304 1160 2382 ary-dm·

91 2423 152 2479 at,-
175 2411 261 2471 Ano
281 2421 412 2489 patrem
429 2396 554 2483 melum
576 2403 616 2469 In
637 2403 699 2471 hac
720 2408 957 2473 enunciatione
978 2427 1077 2475 voces
1093 2432 1161 2494 prr

92 2520 244 2596 mariae,
272 2530 310 2578 et
339 2515 575 2595 efformantes,
603 2514 757 2623 singulae
788 2518 934 2603 genuine
964 2538 1167 2622 expressae

87 2629 178 2691 istac
198 2640 295 2690 sunt:
321 2631 418 2690 ordor
437 2634 598 2706 (amor),
621 2627 739 2708 fircit,
760 2648 838 2710 ege,
858 2641 977 2708 puter,
999 2650 1083 2714 rgo,
1106 2632 1162 2692 ob·

91 2744 224 2800 tectum.
257 2736 352 2813 Hae,
375 2737 440 2814 ista
463 2735 688 2800 collocatione
711 2738 755 2802 ad
778 2747 905 2802 statum
930 2751 1161 2802 constructum

86 2847 246 2928 positae,
266 2845 613 2926 circumscriptionem
627 2845 827 2925 continent,
852 2847 911 2912 sed
926 2849 1161 2912 contractione
1178 2892 1180 2896 -

86 2959 122 3022 in
142 2958 259 3046 lingua
281 2958 419 3038 quidem
440 2970 558 3022 nostra
578 2960 662 3022 mire
685 2960 913 3035 concinnam,
940 2973 973 3023 et
999 2956 1162 3040 emphati-

86 3084 183 3133 cam:
207 3069 355 3131 ardorem
377 3073 393 3139 (
402 3048 542 3128 umorem
550 3077 568 3142 )
582 3067 684 3150 facio
702 3090 760 3150 ego
776 3071 889 3147 putris
906 3071 971 3129 mei
994 3071 1135 3130 obiecto.

100 3249 113 3270 ἱ
171 3176 225 3237 Do
244 3196 306 3262 ego
327 3176 391 3236 ista
413 3171 515 3240 affixa
536 3187 654 3238 nostra
672 3173 834 3256 pleraque
854 3171 936 3235 locis
965 3176 1033 3238 suis
1058 3173 1160 3248 eluci·

91 3285 198 3358 data3
220 3298 380 3363 quantum
400 3280 562 3345 hactenus
585 3282 620 3344 in
641 3283 681 3344 iis
700 3282 899 3344 euoluendis
924 3280 1090 3366 proficere
1103 3294 1174 3368 po..
1242 3284 1245 3297 '

87 3395 149 3457 tui.
177 3391 247 3455 lam
276 3393 401 3480 dudum
431 3393 532 3455 video
559 3390 708 3477 diligens
732 3393 881 3454 studium
904 3393 939 3456 in
962 3391 1011 3457 his
1031 3414 1162 3477 ponen-

20 3572 24 3579 ,
88 3502 169 3565 dom
193 3520 278 3564 esso.
302 3501 358 3564 Sic
375 3501 465 3562 enim
486 3501 619 3580 poterit
638 3503 868 3565 Grammatico
889 3514 1005 3568 nostra
1026 3503 1160 3593 legibus

85 3611 225 3674 tandem
248 3611 454 3673 certioribus
474 3606 555 3693 figi:
580 3611 606 3673 si
631 3606 732 3674 affixa
756 3624 895 3691 nostra,
916 3613 1022 3678 totins
1042 3615 1162 3678 Gram-

85 3722 237 3784 maticae
267 3722 443 3809 negotium
474 3721 716 3803 praecipuum,
745 3721 894 3804 penitius
916 3736 999 3786 nota
1017 3721 1164 3810 lrrerint3
1190 3724 1195 3729 ’

86 3818 156 3895 non
176 3831 281 3893 modo
302 3850 388 3911 quae
410 3851 450 3893 ea
472 3833 558 3911 sint,
579 3834 761 3896 sedetiam
782 3833 864 3914 quid
887 3852 926 3897 ea
946 3834 1088 3918 proprie
1118 3833 1161 3894 sl·
1198 3888 1200 3896 .

84 3935 273 4025 gnificent‚
300 3960 464 4020 quemque
495 3954 638 4021 poscant
666 3930 851 4027 propterea
879 3961 977 4006 vsum
1006 3953 1160 4022 rectum,
1239 3922 1247 3983 .'

85 4048 162 4113 sinc
184 4050 319 4113 errandi
341 4049 507 4139 periculo

188 4158 318 4221 Horum
340 4158 453 4240 aliqua
470 4157 558 4221 vltro
579 4161 677 4223 nobis
696 4161 885 4228 clarissima
896 4163 1033 4246 praebet
1044 4163 1162 4251 lingua

80 4277 228 4348 nostra3
250 4269 358 4337 ctiam
387 4269 570 4356 separatim
600 4288 722 4375 reuera
753 4269 1011 4367 significanti„
1034 4274 1163 4360 partim
