2708 4844
146 331 234 426 '36'
410 358 411 361 ’
589 350 818 412 &monetet

40 534 42 539 ’
167 510 276 587 triam
297 532 514 613 quacunque
537 511 609 586 alia
630 512 737 587 huius
751 517 894 612 generis
914 509 1167 593 lucubratione
1181 541 1246 594 au·

109 627 113 637 ⁸
165 666 252 743 gere
271 662 451 742 exoptet
466 644 569 718 Haec
590 670 660 744 ego
679 644 903 729 adminicula
923 653 1152 747 experientia
1165 657 1246 748 ipse

165 794 250 849 mea
272 775 340 844 tria
367 774 489 845 didici.

174 977 179 984 ,
268 902 432 976 Primum
464 903 596 978 horurn
631 921 688 976 est
721 906 883 1000 penitior
917 863 1063 1007 linguae
1102 909 1245 1008 patriae

166 1036 351 1130 cognitio,
380 1055 461 1105 cum
483 1033 705 1122 hodiernae,
735 1049 813 1104 tum
840 1037 1178 1135 ctiamantiquae3
1209 1055 1248 1110 et

165 1159 345 1234 hodierna
368 1164 521 1259 quid-em
549 1159 803 1258 pernoscenda
832 1177 909 1249 est,
929 1180 1048 1258 ‘quam
1070 1165 1249 1238 lati-ssime

74 1330 104 1396 ἦ·
168 1290 400 1376 extenditur;
436 1261 591 1389 antiqua
617 1311 734 1380 vero,
772 1302 885 1385 quarn
916 1290 1096 1364 altissime
1129 1297 1247 1392 repeti

146 1437 313 1521 potest,

275 1546 488 1621 Secundum
512 1563 566 1618 est
586 1549 877 1643 porro‘studiurn
898 1549 1102 1648 linguarum
1126 1553 1247 1623 orien-

164 1679 316 1770 talium,
336 1682 549 1776 ‘cumprimis
572 1679 788 1770 Hebraeae,
813 1697 850 1753 ct
868 1704 961 1778 quae
983 1683 1042 1751 isti
1063 1698 1244 1780 cognatae

163 1800 272 1900 tunt',
296 1809 545 1896 chaldaicae,
570 1807 768 1903 Syriacae,
791 1826 829 1882 et
851 1809 1042 1905 Arabicae.

169 1948 173 1957 '
269 1939 444 2012 Tertium·
471 1923 632 2035 denique
668 1956 722 2012 est
752 1941 970 2036 ¹diligentior
1003 1942 1242 2038 perscrutatio

93 2092 96 2100 ·
164 2064 375 2170 linguarum
395 2047 760 2163 septentrionalium,
785 2085 932 2141 nostrae
952 2069 1137 2159 affinium,
1151 2067 1246 2164 Lap-

58 2288 62 2297 .
163 2201 342 2294 ponicae,
367 2194 399 2266 F
400 2198 574 2287 eunicae,
597 2211 634 2267 et
654 2191 905 2271 Esthonicae·'
932 2210 936 2215 '

661 2413 692 2492 S.
719 2401 746 2477 I.

40 2540 41 2545 ‘
66 2666 70 2671 Ι
96 2619 98 2624 -
142 2594 161 2638 .·
187 2577 428 2689 'cucuma
450 2535 643 2647 tructas
662 2578 885 2661 Paratae,
905 2568 1192 2665 noeturnae,

72 2715 80 2740 .
171 2708 174 2713 ι
541 2694 601 2758 ar
623 2693 862 2780 lusoria.

186 2853 191 2867 ’
268 2854 317 2932 Et
337 2885 427 2932 uero
451 2863 524 2934 dc
514 2882 594 2960 ipsa
613 2857 776 2960 linguae
772 2865 921 2960 patriae
941 2855 1075 2976 peritia
1089 2857 1243 2929 'dubium

127 2991 295 3109 ''jvtiquc
314 2988 461 3059 nullum
486 3008 553 3071 est
584 2991 789 3090 Quomodo
808 2994 907 3061 enirn
927 2987 1022 3059 dc
999 3015 1042 3061 us
1056 2987 1169 3059 rebus
1188 3010 1244 3058 re·

164 3135 221 3190 cte
247 3121 326 3213 quis
348 3116 465 3209 dicat,
489 3144 578 3217 quas
602 3118 721 3218 probe
744 3143 818 3190 non
836 3122 963 3210 nouit,
965 3108 1042 3189 vel
1065 3135 1242 3215 magnam
1275 3134 1281 3147 ⁸

162 3247 258 3319 adeo
284 3262 441 3340 partem
449 3262 596 3344 prorsus
619 3238 798 3347 ignorat?

265 3373 365 3479 Sane
385 3381 548 3474 penitius
563 3383 709 3476 cognita
725 3400 804 3449 esse
826 3375 938 3450 debet
958 3377 1083 3471 lingua
1097 3362 1243 3461 nbstra,
1275 3422 1278 3427 -

162 3506 279 3600 qualis
302 3524 347 3578 ea
364 3519 403 3578 et
424 3506 538 3578 hodic
560 3509 661 3602 viget
680 3524 757 3575 non
778 3506 894 3578 modo
918 3508 953 3574 in
975 3499 1040 3589 iis,
1060 3517 1157 3596 quae
1175 3526 1247 3595 pro

151 3637 378 3710 'cultioribus
393 3636 595 3724 habentur,
617 3633 828 3730 regionibus
839 3689 850 3722 ‚
865 3658 995 3705 verum
1013 3635 1122 3704 etiarn
1143 3631 1247 3731 apud

161 3758 266 3838 illum
295 3763 441 3862 ipsum,
467 3784 576 3865 quem
610 3752 798 3839 delicatuli
830 3760 1060 3865 despiciunt,
1088 3763 1245 3857 vulgum

120 3898 125 3906 ’
160 3902 342 3973 nostruin
370 3888 686 3983 Iniuriahoc'fit,
710 3894 1091 3986 etval'deimperite.
1122 3889 1245 3979 Nam,

84 4024 109 4113 ,⁴
131 4119 137 4134 ⁹
161 4018 420 4127 quivlteriora
443 4021 545 4096 hice
530 4037 719 4131 spectant,
742 4021 898 4118 vulgum
931 4022 1055 4114 potius
1089 4043 1245 4091 venera·
1264 4056 1269 4065 ·

104 4175 107 4180 ·
147 4114 263 4229 'tione
288 4132 440 4250 dignum
466 4175 546 4223 esse
568 4154 749 4224 iudicant.
766 4152 866 4246 quod
881 4149 980 4246 apud
996 4124 1090 4218 hunc
1103 4152 1241 4240 ,prisci

160 4277 272 4357 moris
295 4284 496 4394 tenacitate
523 4284 642 4383 tnagis
673 4280 869 4378 religiosa,
903 4292 1038 4377 putent
1068 4290 1243 4374 augustae
1287 4280 1289 4289 ’
