2700 4838
246 335 272 413 ς.
287 324 335 391 11.
353 324 682 403 PARADIGMATA
703 322 953 399 AFFIXIO'NIS
970 324 1088 399 POSS·
1111 344 1115 355 ·
1138 349 1199 416 511
1230 406 1235 437 .·

232 492 287 585 ς),
427 454 914 601 roorttnrs‘rrrrrnrs.
1002 478 1006 487 '

107 592 247 695 ‘Ereta
270 586 438 714 Propter,
456 710 458 719 Ι
480 628 568 721 Vel.
590 629 685 695 Cum.
844 586 1151 701 Elian-Aduersus
1162 679 1176 714 ,
1201 595 1207 609 ‘

251 828 254 837 Ι
273 757 348 822 pro.
674 790 681 799 .
941 750 1084 812 ‘contra'
1137 772 1140 797 ι

405 873 663 945 Possessoribus
688 877 933 967 singularibus.

87 982 93 995 ’
134 976 320 1060 Etru-em,
498 985 650 1049 Vel-em.
848 988 1028 1079 Elian-qm,
1112 999 1137 1038 “-
1176 1026 1178 1031 -
1223 982 1224 987 ’
1263 992 1265 997 ’

134 1091 281 1174 Propter
299 1112 367 1157 me.
490 1094 639 1160 Mecum.
846 1098 970 1170 Contra
989 1109 1055 1160 me.

102 1262 105 1269 .
133 1200 191 1277 Eri
203 1205 312 1285 pretio
327 1205 405 1291 moi.
490 1205 661 1269 Comitatu
678 1201 758 1269 mei.
843 1203 1034 1270 Aduersum
1055 1201 1153 1272 mibi.

133 1308 304 1389 Erat-ed,
374 1315 377 1319 ’
492 1317 608 1378 Vel-erl
617 1359 631 1394 ,
818 1315 1019 1393 „Eiron-ert,

77 1478 79 1483 .
131 1424 281 1507 Propter
303 1438 348 1513 te.
488 1426 632 1491 Tecum.
846 1427 970 1491 Contra
993 1437 1039 1488 to.

132 1528 183 1593 Ex
204 1532 314 1614 pretio
340 1532 401 1595 tui.
489 1530 662 1595 Comitatu
686 1532 747 1597 tui.
841 1533 1034 1596 Aduersum
1053 1530 1131 1596 tibi.

110 1706 114 1714 ,
132 1635 288 1718 Ereti-e,
495 1644 619 1731 Vrbe,¹
842 1642 996 1721 Ellen-e,
1153 1636 1156 1645 '

129 1746 281 1832 Propter
302 1769 391 1815 eum.
485 1750 570 1814 Cum
590 1769 642 1814 eo.
843 1747 973 1812 Contra
992 1767 1084 1813 eum.

87 1892 92 1901 ι
129 1853 180 1917 Ex
198 1859 311 1938 pretio
333 1861 417 1920 eius.
481 1859 657 1923 comitatu
674 1859 758 1921 eius.
838 1856 1028 1920 Aduersum
1045 1855 1091 1916 ei.

414 2013 675 2079 Possessoribus
705 2013 912 2082 Pluralibus.

129 2145 327 2229 biron-ituit,
484 2148 654 2230 Vel-ituit,
835 2152 1033 2233 Eliso-inb,

130 2259 276 2343 Propter
295 2279 372 2324 nos.
395 2340 400 2351 α
482 2259 590 2324 Nobis
607 2278 695 2323 cum·
840 2260 966 2326 Contra
988 2283 1062 2330 nos.

130 2369 183 2434 Ex
198 2372 311 2454 pretio
327 2370 451 2435 nostri.
485 2370 660 2435 comitatu
679 2374 802 2439 nostri.
840 2375 1030 2444 Aduersum
1050 2377 1161 2445 nobis.

128 2483 335 2563 Ereti-etei,
383 2516 387 2529 ·
486 2485 658 2560 Vel-acels,
839 2486 1047 2567 Ellen-otelr,

129 2591 277 2677 Propter
294 2614 367 2659 vos.
483 2594 592 2656 Vobis
609 2613 698 2656 cum.
840 2593 968 2659 Contra
989 2616 1064 2660 vos.

128 2703 180 2767 Ex
196 2705 307 2784 pretio
328 2704 449 2767 vestri.
481 2701 658 2765 comitatu
679 2703 794 2767 vestri.
837 2705 1027 2770 Aduersum
1047 2705 1155 2773 vobis.

127 2809 301 2889 Eretr-ek,
468 2808 629 2885 'Vel-et,
839 2815 1012 2896 Ellenelt,

126 2922 274 3004 Propter
297 2938 368 2987 eos.
485 2921 566 2985 Cum
593 2922 647 2988 iis.
843 2924 973 2989 Contra
997 2946 1070 2989 eos.

127 3032 179 3095 Ex
201 3029 312 3114 pretio
336 3050 470 3095 eorum.
485 3028 661 3095 Comitatu
678 3051 809 3096 eorum.
838 3033 1030 3097 Aduersum
1050 3034 1104 3098 iis.
1150 3057 1153 3062 ·

225 3168 278 3239 Sic
298 3167 401 3230 etiem
420 3167 641 3241 Fennicarum
662 3169 816 3252 gentium
836 3170 1121 3251 postpositiones,
1144 3192 1198 3238 or·

125 3290 182 3341 tae
210 3277 253 3340 de
281 3277 501 3354 nominibus,
520 3277 733 3361 utiunostrae
743 3318 756 3350 ,
781 3273 899 3338 eadem
918 3275 998 3363 lego
1019 3279 1195 3362 accipiunt

126 3383 229 3450 affixa
257 3384 472 3468 pronomina.
512 3381 677 3464 Exempla
695 3393 827 3446 tanturn
850 3385 896 3447 de
912 3385 1119 3468 Lapponicis
1142 3386 1194 3453 lu-

127 3498 185 3561 bet
203 3493 369 3578 proferre.
402 3492 528 3559 Priora
557 3492 678 3557 horum
704 3493 796 3557 claro
823 3509 1017 3589 congruunt
1034 3516 1112 3563 oum
1133 3520 1194 3587 no-

126 3611 223 3673 stris:
245 3610 281 3671 in
301 3607 421 3689 quibus
439 3607 565 3669 adsunt
582 3618 615 3668 et
634 3617 819 3692 augmenta
834 3606 879 3670 ad
899 3608 1115 3672 excitandam
1132 3629 1195 3673 no-

125 3719 256 3781 tionem
285 3728 394 3780 motus
421 3715 464 3779 ad
481 3714 609 3793 locum,
635 3713 759 3796 quietis
783 3712 933 3794 inloto,
961 3726 996 3777 et
1014 3730 1128 3779 motus
1148 3694 1199 3780 de⁸

126 3815 218 3889 loco.
240 3825 433 3888 Posteriora
450 3836 527 3886 sunt
546 3822 588 3886 de
603 3842 673 3886 non
689 3822 909 3886 variantibus.
933 3823 997 3887 Sed
1014 3821 1076 3886 hac
1095 3837 1193 3907 parte

129 3936 274 4018 propior
295 3931 417 3997 horum
432 3932 643 4017 comparatio
663 3950 738 3997 oum
757 3934 882 3996 nostris
901 3932 1099 3994 instituetur
1116 3926 1211 3997 loco-

131 4048 240 4135 magis
260 4040 466 4129 bpportuno.
491 4044 587 4113 Nunc
606 4040 715 4107 solam
731 4028 929 4107 affixionero
950 4039 1141 4106 videamus.
1178 4090 1184 4096 .
