2708 4844
34 297 274 383 ¹38¹
459 291 808 350 rtotbttottotottot

135 469 220 524 tate
250 455 499 527 accenduntur
528 425 695 542 iumine,
729 470 767 525 et
800 440 902 552 qua'e'
926 457 1145 553 deteguntur
1170 478 1226 527 se-

142 573 270 664 mitae,
971 590 973 594 ⁴

153 725 156 731 ’
245 715 572 799 Terminationes,
602 732 698 807 quae
723 709 882 782 vocibus
908 720 955 783 ad
983 710 1224 784 inflexionem·

134 843 342 930 accedunt,
368 841 570 914 hodiernae
592 860 675 912 sunt
699 843 903 941 pleraeque
928 854 1159 932 contractae,
1185 863 1221 918 et
1269 821 1271 830 Ι

93 1062 95 1068 Ι
130 970 324 1070 'plurimae
347 998 439 1045 cono
459 974 618 1042 multum
637 987 815 1045 mutatae.
844 971 906 1044 De
916 949 1114 1047 ¹contractis
1132 999 1224 1044 non·

73 1160 75 1164 Α
139 1097 285 1188 nullae,
310 1105 386 1198 quo
409 1103 693 1198 altiusantiqua
713 1106 936 1198 repetimus,
963 1131 1009 1176 eo
1038 1081 1222 1178 auctiores

142 1246 379 1330 comparent,
399 1248 437 1301 et
461 1230 540 1301 rudi
566 1229 686 1302 adhuc
708 1223 935 1306 formatione
947 1258 959 1316 ;
973 1232 1119 1331 hocque
1133 1260 1222 1322 suo,

139 1375 184 1432 vt
203 1363 254 1429 ita
275 1359 418 1446 dicam,
444 1361 544 1430 cultu
563 1361 771 1456 simplices,
791 1360 947 1451 decorae
968 1378 1095 1434 tamen
1117 1385 1136 1433 a
1157 1386 1224 1434 ve·

139 1489 409 1586 tustatislege‚
433 1489 532 1560 vltro
554 1498 634 1560 ses'e
661 1489 923 1577 manifestant3
952 1493 1050 1563 vnde
1077 1508 1222 1562 summe
1256 1544 1261 1554 ,

138 1599 235 1709 sint,
265 1619 352 1716 quid
384 1634 574 1716 separatae
597 1621 749 1713 proprie
771 1621 944 1710 valeant,
973 1621 1062 1720 quid
1085 1620 1221 1694 affixae

43 1760 65 1849 ’ἲ
132 1764 325 1850 ‘praestent
353 1747 596 1819 accommoda
624 1747 905 1850 significatione
1114 1728 1119 1740 ¹

243 1878 282 1949 Si
307 1904 328 1949 a
350 1876 558 1972 primordiis
579 1867 627 1945 ad
648 1877 718 1946 ista
733 1868 865 1961 ultima
877 1929 889 1964 ‚
914 1897 1010 1974 quae
1029 1869 1143 1945 hodie
1163 1878 1221 1944 vi-

138 2024 247 2111 gent,
270 2032 336 2102 per
358 2022 497 2076 aetates
519 2007 656 2076 sensim
680 2005 952 2104 regrediamur:
978 2006 1070 2075 mira
1093 1981 1130 2072 in
1154 2007 1219 2095 iis,

142 2155 179 2207 et
200 2143 344 2207 varians
367 2133 581 2205 obseruatur
602 2131 801 2231 euphonia.
841 2133 1006 2204 Nomou
1029 2136 1219 2206 continen-

139 2281 197 2336 ter
218 2287 392 2358 operosa,
417 2279 460 2331 vt
484 2260 717 2356 loquentium
748 2277 852 2331 erant
880 2285 1039 2354 organa,
1072 2279 1109 2331 vt
1138 2232 1227 2334 mos,

132 2393 313 2479 inuoluit,
342 2414 453 2462 sonos
477 2389 620 2460 illarum
644 2387 771 2484 aliquo
795 2390 987 2457 interiecto
1011 2390 1128 2458 modo
1155 2410 1220 2463 an:

135 2525 207 2604 xit,
233 2537 270 2590 et
290 2502 470 2602 mutauit;
500 2519 615 2590 modo
637 2517 771 2623 eodem
792 2519 985 2588 interiecto
1009 2520 1219 2607 imminuit,

136 2647 302 2744 duosque
316 2649 353 2718 in
368 2675 481 2721 vnum
497 2652 697 2719 contraxit:
719 2647 806 2717 dum
820 2633 980 2742 denique
993 2626 1116 2718 nostrai
1129 2645 1220 2722 nata

78 2839 82 2851 .
137 2793 193 2848 est
213 2779 481 2876 pronunciandi
504 2782 685 2858 suauitas;
715 2802 848 2873 quam,
875 2781 1139 2852 consuetudine
1160 2780 1216 2850 fir·
1260 2786 1265 2797 '

44 2966 65 3001 ,v
134 2923 298 2998 matam„
329 2925 501 3004 putamus
531 2913 726 3002 optimam.
756 2903 916 3005 Siquid
940 2911 1061 3005 prisco
1090 2932 1221 2998 more,

135 3035 227 3107 olim
253 3060 369 3134 aeque
391 3035 573 3123 ineundo,
609 3034 763 3133 proferri
788 3035 1003 3123 audiamus,
1024 3051 1087 3106 aut
1115 3037 1217 3136 lega-

74 3142 76 3147 ·
134 3189 215 3237 mus
250 3170 343 3261 ipsi3
370 3167 432 3240 vel
450 3165 631 3238 laedimur
649 3163 768 3253 illico,
797 3166 857 3235 vei
886 3183 983 3238 certe
1010 3168 1191 3239 ridemus.

240 3291 340 3380 Sed,
355 3289 440 3390 quia
465 3297 601 3364 similia
622 3297 700 3365 sine
723 3314 848 3367 caussa
870 3299 920 3365 ita
942 3301 1033 3391 poni
1057 3298 1104 3368 ab
1124 3303 1218 3369 anti-

61 3508 64 3515 ,
163 3427 277 3494 uitate
302 3447 376 3495 non
399 3423 592 3516 poterant3
608 3426 720 3499 satius
740 3441 800 3496 est
820 3448 885 3512 ea,
900 3449 961 3497 cur
981 3431 1031 3498 ita
1052 3431 1146 3508 sint,
1163 3445 1218 3501 at·
1248 3469 1251 3473 ·

90 3636 93 3649 1
134 3449 238 3758 ἔνια
263 3555 409 3634 rimari3
437 3569 475 3624 et
510 3551 721 3627 obseruatas
745 3558 994 3627 ¹mutationum
1016 3558 1140 3654 leges,
1170 3557 1219 3628 de

134 3688 162 3761 il

176 3676 209 3758 'is
232 3684 322 3757 olim
344 3700 421 3755 tarn
442 3683 574 3766 nudis,
597 3708 640 3755 ac
660 3685 886 3773 manifestis,
911 3690 959 3760 ad
979 3690 1216 3785 explicandas

122 3836 275 3892 'vocum
290 3810 510 3890 inflexiones
525 3784 739 3899 transierim
762 3794 837 3914 'quo
858 3820 1007 3890 fiant-et
1027 3826 1118 3891 istae
1140 3825 1216 3892 iarn

138 3959 277 4046 certae,
291 3969 412 4040 neque
432 3944 635 4040 praebeant
655 3952 919 4045 imposterum,
935 3966 977 4019 vt
989 3965 1097 4023 antea
1109 3977 1216 4048 prae-

30 4142 40 4155 ,
88 4156 90 4167 ἒ
132 4069 314 4164 buerunt,
335 4089 415 4146 tam
432 4074 664 4174 frequentem
687 4077 829 4150 errandi
850 4079 1101 4161 occasionem,
