2708 4844
507 133 520 162 ἱ

64 270 71 311 l

55 328 60 337 ’
114 377 216 441 372.
269 354 589 426 arruomous
602 361 644 437 Ρ,
659 360 686 426 1.
698 360 821 430 sacr:
830 363 875 430 11.
888 363 1021 431 cunr.

103 531 132 629 j
154 529 274 601 amieo
284 584 297 618 ,
309 547 357 601 et
379 528 473 604 hanc
492 530 560 603 sibi
580 516 800 606 adsciscen'te
816 538 1017 633 ,'en·j·e'm,·
1045 550 1082 607 et
1102 533 1186 622 his,

114 659 381 752 pronunciandi
404 654 906 767 mollitie,coalescentibus,
928 674 1082 764 eny-e'm.
1110 663 1185 737 Po·

114 797 249 857 stremo
260 840 273 874 ,
300 788 396 858 a'cuti
418 798 444 859 e‘
460 814 576 885 prona
600 794 637 861 in
658 796 677 862 ι’
688 778 920 885 'muratione,
944 798 1110 892 eny-im:
1137 794 1183 863 si·

116 916 272 1012 quidem·
289 921 393 1014 viget
416 936 453 990 et
477 917 536 990 hic
558 928 658 992 v'sus.
1138 897 1147 904 ’

24 1059 47 1117 ἰ
219 1047 269 1137 b)
301 1047 442 1121 Eadem
466 1046 664 1143 exempla,
693 1073 864 1144 possesso
889 1049 1041 1125 nomine
1067 1056 1186 1149 singu-

44 1242 46 1249 ,
90 1169 184 1269 'plari
203 1198 399 1270 expresso,
422 1199 504 1248 cum
525 1177 738 1271 possidente
760 1179 872 1251 affixo
892 1184 1111 1275 pronomine
1131 1180 1189 1250 iti'·

115 1302 202 1371 dem
226 1301 427 1396 singulari,
458 1329 639 1401 personae
673 1309 747 1380 iam
779 1310 982 1397 secundae,
1007 1307 1058 1379 sic
1082 1322 1185 1379 sunt:

112 1428 266 1522 hep-ed,
294 1433 457 1514 lide-ad,
485 1436 701 1528 imago-tui,
728 1435 941 1508 domus-tui.

15 1602 20 1609 -
116 1563 122 1576 ‘
214 1553 394 1629 Possessis
415 1559 631 1628 nominibus
648 1565 823 1649 remotis,
847 1580 884 1632 et
913 1568 950 1631 in
981 1587 1110 1632 eorum
1132 1564 1186 1633 lo·

26 1678 53 1793 ,¹
112 1708 194 1756 curn
223 1683 371 1755 suffecto
395 1687 616 1782 pronomine
635 1704 804 1781 separato
825 1702 884 1777 te,
918 1687 1100 1787 huiusque
1126 1713 1186 1760 so·

93 1816 170 1913 ¹cio
203 1806 268 1903 ed,
309 1817 346 1885 in
375 1837 445 1884 vsu
472 1813 609 1923 affixp,
647 1813 769 1887 eidem
792 1816 962 1897 adiecto,
991 1819 1030 1887 in
1063 1820 1189 1887 locum

88 1916 92 1922 ¹
110 1941 356 2038 possidentis,
371 1955 450 2013 orta
472 1955 528 2010 est
548 1943 667 2035 prima
688 1944 918 2038 geminatio,
942 1949 1074 2035 tc·ed;
1091 1949 1187 2038 prio·

112 2090 155 2139 re
175 2067 392 2159 pronomine
413 2064 585 2136 adiectiui
606 2064 742 2152 modo,
768 2069 971 2162 posteriore
988 2081 1109 2137 autem
1120 2089 1187 2161 per

1 2215 6 2224 ·
52 2246 57 2255 .
111 2198 313 2296 genitiuum
334 2215 508 2288 expresso
517 2166 764 2282 ,tuus-dui,
800 2195 962 2283 uta-tui,
990 2198 1182 2273 tuum-tui.

110 2319 258 2392 Deinde
280 2322 362 2417 lege
386 2320 471 2406 illa,
507 2344 579 2415 qua
605 2337 817 2416 postremae
852 2321 980 2393 breues
1006 2323 1185 2416 vocales,

45 2498 49 2505 ·
110 2451 306 2522 accedente
335 2453 586 2538 incremento,
623 2445 704 2521 acui
736 2449 875 2537 solent,
900 2448 1039 2520 factum
1069 2453 1176 2522 teted.

108 2579 249 2674 Porro,
273 2581 449 2652 familiari
470 2578 607 2649 vocalis
638 2581 662 2648 ε’
686 2580 723 2647 in
753 2579 772 2646 i
794 2581 1029 2661 mutatione,
1055 2581 1175 2652 ti·ed.

107 2712 300 2784 Interiectu
320 2705 478 2806 denique
501 2711 596 2778 inter
617 2705 767 2779 vocales
789 2728 951 2779 consona
973 2686 1179 2801 euphonica

2 2828 5 2833 ¹
104 2846 145 2937 j,
165 2833 470 2938 quandoquidem
490 2853 527 2906 et
552 2835 681 2907 hocin
704 2861 774 2907 vsu
795 2855 871 2924 est,
895 2852 1020 2908 natum
1041 2841 1178 2934 tis-ed.

11 2964 15 2976 ‘
211 2967 254 3067 e)
284 2966 467 3062 Exempla
497 2967 865 3063 demum‚·possesso
888 2972 1039 3040 nomine
1062 2974 1183 3068 singu·

13 3102 17 3110 '
50 3144 53 3149 ,
106 3099 174 3174 lari
198 3113 324 3198 aperte
345 3101 493 3197 posito,
516 3123 596 3168 cum
618 3097 831 3193 possidente
855 3096 968 3169 affixo
989 3074 1200 3193 pronomiss

107 3255 155 3303 ne
175 3232 312 3328 pariter
335 3228 532 3327 singulari,
552 3250 731 3323 personae
744 3230 892 3310 tertiae,
910 3231 981 3301 isto
1003 3203 1179 3302 suntmo-

107 3359 179 3430 do:
206 3360 314 3449 kap-e
327 3412 340 3446 ,
364 3361 497 3442 hdr-a,
523 3358 720 3453 imago-sui
732 3409 746 3444 ,
774 3338 986 3430 domus-sui.

207 3460 392 3553 Possessis
415 3480 623 3554 nominibus
645 3487 837 3569 seiunctis,
859 3502 896 3556 et
911 3481 954 3556 'in
978 3508 1104 3557 eorum
1121 3483 1177 3558 lo-

107 3635 189 3684 cum
220 3613 414 3706 supposito
442 3614 663 3704 pronomine
692 3595 863 3709 separato
894 3621 939 3702 o,
968 3603 1206 3706 eodemque·

104 3748 142 3815 in
176 3743 298 3814 locum
329 3739 548 3835 possidentis
580 3745 743 3826 iterato,‘
772 3744 884 3812 etiam
919 3767 1000 3813 cum
1039 3743 1179 3827 halitu,

107 3876 170 3970 qui
193 3872 379 3967 hodieque
405 3887 589 3964 superest,
616 3868 771 3961 pbscuro
785 3925 798 3961 ,
833 3887 870 3944 et
893 3871 988 3958 leni,
1012 3869 1083 3967 fuit
1103 3873 1179 3963 pri·

29 4049 33 4054 .
104 4025 168 4073 ma
191 3986 393 4099 geminatio*
415 3980 506 4086 o-o,
536 3994 642 4084 dvo,
671 3994 747 4089 li-jd
760 4025 778 4090 ,·
793 4003 924 4097 ‘priore
954 4001 1178 4094 pronomine

107 4120 414 4202 instar'adiectiui
436 4124 578 4214 sumto,
593 4131 796 4226 posteriore
819 4132 855 4200 in
874 4132 1078 4226 genitiuum
1099 4129 1177 4198 col·

33 4233 39 4254 l
90 4260 255 4353 locato,
280 4263 454 4334 snus-sui
464 4312 478 4351 ,
494 4259 556 4376 νς]
568 4264 671 4353 eins,
687 4263 856 4359 sua-sui,
869 4258 930 4334 vel
944 4267 1025 4335 eius
1034 4244 1182 4349 ‚suum-
