2708 4844
523 335 554 409 §-
571 329 597 394 1.
621 327 820 425 vocatus.
958 424 963 431 ι
1044 342 1056 353 ·
1165 314 1207 425 35

124 497 262 564 vocali.
283 502 470 581 Aperturae
482 502 552 562 oris
565 514 634 564 non
651 514 727 563 sunt
744 503 778 563 in
795 499 845 564 his
857 503 963 581 duae,
975 506 1086 569 vnain
1100 484 1214 581 aljarii'

126 608 300 673 continuo
312 609 481 672 transiens
493 657 503 687 ,
515 614 578 672 ex.
600 617 676 688 noi,
695 616 762 687 tei,
783 618 825 689 il,
843 617 881 675 ui
889 617 1202 698 ,hoit,feit,foite

130 722 198 783 sed
220 741 280 803 per
302 720 436 817 pnicum
458 734 590 785 tanturn
614 720 742 786 hiatum
766 725 877 789 editur
897 723 1016 788 horum
1043 748 1164 807 sonus,
1187 733 1205 810 j

126 826 256 890 literae
279 830 423 911 strepitu
442 829 530 907 leni,
562 841 598 891 vt
626 832 889 893 consonantium
919 845 973 905 est
999 834 1096 915 mos',
1127 856 1205 898 cum

73 942 96 951 ''
127 944 321 1019 praecunte
346 933 492 1018 simplici
514 939 621 1001 vocali
645 940 789 1002 iunctim
814 956 988 1023 expressos
1033 916 1037 921 Ι

231 1032 356 1110 Volunt
373 1047 477 1110 iidem
492 1050 581 1129 'opud
596 1065 683 1135 nos,
699 1049 883 1125 eorundem
898 1063 1075 1113 auctorum
1090 1055 1206 1116 exciri:
1267 1104 1280 1133 .-

127 1146 223 1243 plis,
245 1167 280 1221 et
298 1160 500 1245 improprias
520 1174 594 1221 esse
616 1158 827 1247 diphtongos
839 1205 850 1237 ,
879 1161 1086 1225 nominatim
1105 1141 1212 1227 volsa:¹

100 1304 104 1313 ·
130 1269 184 1333 les
210 1276 406 1351 punctatur,
430 1280 470 1347 o,
492 1280 529 1329 et
549 1279 583 1333 u.
626 1268 754 1332 Putant
779 1269 870 1331 enim
900 1267 957 1332 has
985 1274 1205 1351 pronunciari
1274 1260 1280 1273 ’

131 1392 224 1443 'sono
243 1368 371 1442 mixto:
395 1380 548 1469 priorem
570 1380 612 1439 eii
634 1390 703 1439 eet
722 1398 762 1454 ⁰3
785 1384 1010 1460 posteriorem
1029 1401 1071 1445 ex
1090 1394 1205 1447 ectus

130 1492 168 1553 in
203 1496 271 1569 quo
304 1477 548 1552 confirmantur
576 1498 611 1551 et
641 1498 791 1549 veterum
820 1490 956 1551 ratione
981 1487 1042 1561 has
1068 1489 1202 1552 vocales

132 1590 219 1662 olim
240 1599 305 1660 ista
323 1598 462 1660 omnino
480 1586 735 1663 ¹combinatione
748 1596 984 1675 exprimendi,—
1006 1604 1114 1674 eo,eu
1124 1644 1135 1675 ,
1148 1593 1204 1689 uel

129 1709 309 1793 eparuulo
333 1720 475 1791 superne
495 1698 679 1792 imposito,
705 1688 748 1787 ὅ,
775 1684 811 1772 zi.-
838 1706 902 1772 Sed
914 1705 999 1769 hanc
1009 1710 1176 1773 rationem
1189 1740 1202 1787 ,·
1291 1762 1295 1767 .

130 1824 253 1905 vtique
270 1822 506 1900 arbitrariam,
532 1825 712 1886 necessitas
724 1873 742 1911 ,Ι
757 1836 791 1885 et
812 1828 1007 1886 exterorum·
1033 1824 1203 1903 quaedam

130 1927 283 1996 imitatio
310 1934 426 1995 suasit.
461 1922 569 1994 Sosius
599 1935 725 2010 mixtus
750 1941 802 1993 ‘est
830 1933 863 1992 in
893 1927 943 1992 his
967 1950 1019 1990 res
1041 1916 1145 2009 ficta,
1169 1945 1203 1994 et

130 2042 348 2129 imaginaria.¹
385 2045 488 2103 Aures
517 2042 653 2121 quidem
685 2038 789 2121 paulo
816 2040 1013 2102 attentiores
1045 2030 1203 2105 obserua-

130 2134 223 2216 bunt
239 2171 316 2215 eum
343 2153 379 2214 iu
396 2149 449 2213 his
471 2149 659 2232 simplicem
684 2157 777 2227 esse,
800 2158 819 2210 e·
842 2146 971 2212 vocalis
992 2149 1203 2211 admixtione

127 2274 270 2347 prorsus
292 2258 450 2337 exclusa,
466 2279 524 2322 ore
545 2264 678 2323 tantum
700 2260 744 2321 ad
763 2258 1009 2321 rotunditatem
1031 2274 1203 2333 coarctato

131 2373 355 2454 expressum,
378 2386 521 2450 eumque
539 2369 644 2431 modo
669 2369 830 2447 breuem,-
852 2362 956 2448 modo
976 2353 1202 2449 productum

131 2485 225 2544 sicut
247 2478 496 2543 variare.solet
524 2492 557 2541 et
587 2477 793 2558 reliquarum
825 2475 994 2539 vocalium
1022 2497 1132 2540 sonus.
1168 2464 1207 2540 Si

132 2592 275 2655 omnino
298 2573 480 2674 diphtongi
504 2598 637 2662 essent,
659 2597 823 2666 perpetuo
848 2576 987 2666 produci
1009 2587 1182 2649 deberent.

228 2698 305 2762 Non
328 2709 380 2760 est
399 2710 510 2759 autem
529 2694 591 2757 hoc'
609 2692 671 2757 soli
688 2690 827 2780 linguae
841 2699 975 2757 nostrae
989 2697 1204 2782 Hungaiicae

131 2797 325 2894 peculiare:
349 2820 385 2870 vt
404 2802 605 2890 diphtongis
628 2798 751 2865 careat.
778 2805 858 2868 Sunt
880 2816 915 2865 et
933 2804 1020 2868 aliae
1033 2838 1042 2881 ,
1055 2824 1205 2886 praescr:
1276 2816 1279 2825 ·

130 2928 195 2989 'tim
226 2898 435 2999 orientales,
468 2921 608 2982 omnino
630 2920 701 2981 sine
723 2906 934 3005 diphtongis.·
979 2919 1018 2980 In
1039 2910 1229 2979 Hebraica'
1292 2977 1298 2987 ,

132 3040 251 3112 certe,
274 3032 354 3094 licet
381 3030 632 3116 distinguantur
658 3026 819 3105 vocales,
844 3048 912 3090 non
938 3025 1040 3089 modo
1059 3024 1205 3109 longae,
1227 3086 1231 3093 ,

132 3152 169 3208 'et
195 3133 341 3218 breues’,
372 3134 431 3202 sed
462 3140 567 3201 etiam
600 3124 848 3212 breuissimae,
882 3120 1061 3217 diphtongi
1091 3145 1204 3196 tamen

67 3310 75 3321 .
132 3253 251 3319 nullae
272 3258 527 3325 memorantur,
551 3249 630 3327 quia
646 3244 761 3306 nullae
778 3244 915 3303 adsunt.
939 3239 1057 3304 Nullae
1072 3234 1205 3315 item-in

132 3348 266 3448 linguis
288 3348 484 3435 sororibus,
500 3353 682 3418 Chaldaica
694 3399 705 3430 ,
719 3350 879 3433 Syriaca,
896 3362 930 3413 et
947 3350 1100 3417 Arabica.
1123 3352 1205 3417 Nul-

131 3460 188 3538 lae
210 3473 245 3533 in
265 3469 422 3533 Tu'rcicai

231 3580 269 3644 ln
288 3576 412 3665 linguis
433 3558 602 3668 Fennicae
621 3553 759 3660 originis
774 3620 784 3650 ,
798 3552 896 3634 tarda
906 3606 919 3650 ,·
940 3564 975 3634 el
991 3576 1110 3655 repens'
1128 3592 1206 3655 pro-

131 3683 332 3767 nunciatio,
354 3695 438 3772 quae
458 3688 498 3750 iis
521 3687 792 3765 septentrionum
823 3682 909 3744 vitio
935 3682 1125 3747 adhaesisse
1157 3685 1204 3745 vi·

134 3793 240 3869 detur
252 3848 262 3877 ,
285 3799 444 3870 voc'ale's,
465 3796 499 3858 in
520 3782 657 3881 varias,-
680 3801 716 3853 et
735 3788 930 3872 frequentes
950 3792 1094 3855 resoluit
1107 3788 1204 3870 diph-

133 3912 277 3995 tongon,
302 3909 368 3972 Sed
390 3908 510 3968 merito
533 3902 684 3984 suspicor
704 3899 824 3964 harum
843 3886 976 3980 copiam
992 3900 1079 3962 iusto
1097 3900 1204 3960 maio·
1303 3882 1307 3891 ¹

134 4026 216 4083 rem
243 4012 321 4078 inde
351 4028 441 4075 esse:
466 4012 559 4092 quod
583 4007 807 4074 Grammatici
820 4053 831 4084 ,
860 4005 916 4088 qui
938 4002 1088 4086 plerique
1109 4000 1205 4065 Sueei

135 4132 241 4207 Sunt,-
263 4127 452 4190 Fennorum
476 4118 607 4182 vocales
635 4133 776 4187 omnes,
798 4133 861 4178 nec
882 4114 1041 4194 assequi,
1069 4131 1129 4173 nec
1149 4130 1206 4173 ex-

135 4222 287 4321 primere
301 4229 416 4297 norint
433 4228 603 4318 genuine,
624 4224 705 4339 sutip
721 4221 922 4312 cumprimis
944 4215 1206 4307 orthographiae
1301 4266 1304 4271 .

1001 4330 1035 4405 h
