2708 4844
145 291 189 357 ro

42 429 93 549 'a
145 452 316 534 iunctae,
343 445 432 520 lllae
464 472 622 546 nempe,
652 472 741 551 quas
770 451 845 521 iam
875 447 974 538 dixi,
997 442 1225 555 'orientalem

144 593 183 651 et
200 580 516 674 septentrionales.
538 600 541 605 ·

248 704 331 807 Ego
355 733 465 798 sane,
486 692 633 781 insolita
649 683 824 782 bactenus
841 712 1085 795 scrutatione,
1105 735 1221 808 qnan-

70 840 78 873 ²
144 850 183 906 ta
210 838 247 906 in
273 842 438 934 utrisque
471 822 701 926 inuenerim,
727 838 856 935 quibus
883 832 1008 935 lingua
1037 855 1161 912 nostra
1186 855 1224 910 et

144 948 329 1056 firmatur,
345 986 381 1038 et
403 956 576 1090 augetur3
604 971 720 1041 multa
741 967 993 1041 lucubratione
1017 992 1124 1057 mea,
1145 994 1228 1040 mo-

58 1106 61 1110 ’
145 1095 252 1166 dom
271 1099 392 1169 lucem
413 1115 533 1168 emrtu
551 1100 690 1193 posnt
702 1097 858 1191 copiose
880 1095 1103 1191 aliquando,
1119 1111 1155 1165 et
1171 1097 1225 1166 lu

101 1292 105 1306 ,
146 1225 308 1300 culenter
338 1227 548 1299 ostendam.
581 1223 853 1297 Grammatica
876 1223 1027 1320 quidem
1057 1249 1141 1298 mea
1168 1225 1228 1297 bis

83 1456 87 1461 μ
146 1372 201 1432 est
227 1355 458 1431 adminiculis
479 1372 516 1427 et
536 1353 683 1444 clarior,
709 1371 745 1427 et
767 1355 915 1427 firmior.
957 1354 1152 1447 Quaedam
1179 1356 1227 1429 de

61 1467 80 1555 s
146 1464 333 1584 plurimis,
360 1510 454 1582 quae
478 1482 551 1557 hoc
578 1487 705 1583 aliquo
732 1486 848 1557 modo
881 1483 1012 1556 saltem
1040 1487 1224 1574 indicent,
1264 1526 1270 1535 ,

34 1643 36 1647 ·
147 1619 280 1686 cursim
306 1600 502 1714 attingam

251 1743 284 1821 I.
311 1745 351 1816 In
373 1744 571 1826 verborum
593 1767 660 1838 per
679 1765 856 1837 personas
879 1743 1080 1821 inflexione
1098 1744 1227 1814 tenni-
1252 1835 1259 1843 ἱ

147 1877 339 1960 nationes,
361 1899 456 1970 quae
478 1871 565 1946 addi
590 1873 730 1959 solent,
751 1875 978 1968 pronomina
1001 1896 1081 1945 esse
1100 1897 1228 1972 perso.

145 2004 265 2093 nalia,
291 2007 392 2103 quod
423 2005 565 2080 dudum
594 2002 825 2104 suspicabar,
861 2005 1052 2103 aliquanto
1079 2005 1229 2076 vberius

125 2221 127 2227 y
148 2132 260 2206 didici
282 2138 679 2231 antiquitatis'nostrae
700 2135 846 2224 stu'dio,
871 2161 917 2207 ex
938 2139 1106 2231 personis
1134 2159 1227 2206 non-

146 2265 258 2360 nullis
285 2265 527 2350 auctioribus,
553 2279 590 2332 et
610 2261 730 2332 adhuc
749 2263 912 2341 rudibus.
941 2257 1120 2334 Nondum
1136 2288 1228 2375 vcro

3 2478 8 2487 ι
147 2393 249 2465 idem
272 2394 308 2461 in
333 2391 504 2462 omnibus
526 2406 603 2462 tam
630 2393 725 2474 clare
740 2390 832 2460 vidi.
861 2389 935 2462 Sed
955 2392 1146 2464 Hebraeae
1161 2417 1224 2466 me

18 2538 43 2578 ·»
74 2502 88 2534 ²
149 2519 431 2624 Grammatieae
464 2517 524 2592 hic
556 2521 670 2617 paulo
704 2519 938 2593 audaciorem
973 2521 1226 2595 reddiderunt.

132 2646 461 2759 ‘Distinctepnim
496 2652 654 2742 docent,
696 2674 791 2748 quac
819 2652 942 2724 verbis
975 2654 1152 2728 accedunt
1179 2655 1228 2726 ad

98 2766 99 2770 ¹
149 2760 367 2853 formandas
397 2807 527 2855 eorum
553 2807 751 2880 personas,
783 2807 826 2856 ea
850 2807 979 2856 reuera
1003 2787 1226 2881 pronomina

148 2933 228 3023 csse
251 2913 475 3027 personalia.
503 2910 647 2984 Eadem
665 2912 834 2984 tradunt
830 2931 880 2986 ct
901 2915 933 2986 F
935 2940 1099 2997 eunicae

264 3022 408 3136 Quare,
448 3037 613 3116 adhibita
651 3044 937 3147 inuestigatione
971 3046 1231 3142 profundiore,

78 3248 79 3253 ,
146 3192 276 3251 nostra
308 3201 392 3248 cum
423 3180 589 3275 virisque
619 3201 861 3273 comparans,
900 3179 1025 3272 inueni
1055 3177 1229 3249 tandem.

10 3323 13 3331 '
101 3369 104 3375 .
148 3307 189 3378 in
214 3295 344 3377 cedern
364 3300 512 3404 'prorsus
535 3318 716 3403 personas,
743 3304 927 3383 formandi
952 3309 1096 3378 ratione
1117 3311 1230 3377 etiam

148 3435 348 3535 sarmatius
371 3438 451 3529 ipsa
470 3435 581 3532 plane
603 3437 738 3537 cadem
762 3459 842 3507 csse
854 3489 865 3524 ,
891 3451 927 3506 et
944 3450 1086 3524 nostra,
1100 3452 1137 3506 ct
1156 3436 1231 3506 He·

148 3563 298 3649 braica,
324 3578 362 3634 ct
385 3561 571 3644 Fennica3
599 3539 822 3660 pronomina
848 3564 985 3635 scilicet
1002 3564 1231 3659 personalia,

151 3709 189 3767 ct
209 3691 316 3764 nobis
339 3715 421 3764 cnm
443 3694 487 3762 iis
516 3695 754 3782 communia,
774 3692 823 3764 ab
852 3665 985 3766 eadem
1010 3696 1129 3788 prima
1160 3697 1231 3766 ori-

139 3796 235 3918 'ginc
257 3818 439 3917 deducta;
466 3825 592 3918 paucis
617 3837 758 3896 tantum
765 3795 1054 3893 mutationibus
1085 3825 1230 3894 varian-

112 3955 225 4039 ·tia,
247 3975 315 4050 pro
334 3951 477 4059 diuersa
499 3947 890 4046 euphoniacratione,
911 3950 1058 4045 smgulrs
1071 3949 1126 4022 lus
1143 3975 1230 4050 gen

149 4078 266 4168 tibus,
291 4095 368 4152 tam
387 4079 518 4175 longe,
546 4095 699 4175 tamque
729 4077 870 4150 dudum
890 4079 1083 4166 seiunctis,
1110 4083 1229 4178 magis

151 4207 416 4304 accommoda,
440 4224 478 4279 ct
501 4211 664 4307 propria.
711 4288 715 4312 ἶ
