2708 4844
174 777 653 877 ennnnnrrcns
696 776 1112 856 nvncnnrcnu

417 963 559 1029 PARS
603 962 870 1033 SECVNDA.

337 1092 1053 1238 rtrosootn⁴

532 1356 789 1383 Μ

110 1567 364 1750 prosodia,
392 1677 562 1735 tonorum
588 1666 835 1754 moderatrix,
861 1681 915 1738 est
937 1661 1101 1737 doctrina
1130 1665 1185 1737 de.

110 1807 287 1877 accentu,
313 1816 377 1863 seu
404 1808 493 1863 tono
524 1809 648 1881 recto,
676 1798 712 1863 in
744 1798 1049 1890 pronunciatione
1080 1796 1181 1864 voci·

109 1918 177 1989 bus
204 1918 342 1991 dando.

211 2042 358 2143 Ingrata
382 2063 479 2119 esset
508 2051 784 2143 pronunciatio,
816 2053 846 2120 si
874 2074 1009 2136 voces,
1037 2073 1181 2121 earum·

108 2199 184 2271 que
204 2176 390 2270 syllabae,
415 2179 495 2248 soni
516 2177 770 2249 moderatione
789 2178 994 2274 aequabili,
1016 2178 1181 2278 singulae
1223 2250 1233 2261 ,

106 2308 245 2401 pariter
266 2299 387 2393 tarde,
414 2303 475 2375 vel
498 2282 682 2393 celeriter,
708 2309 917 2405 pariterque
941 2311 1103 2396 intense,
1119 2307 1181 2378 vel

94 2436 284 2521 nemisse,
302 2435 560 2528 proferrentur.
600 2433 676 2504 Iarn
704 2436 784 2529 ipsa
806 2451 935 2509 natura
960 2437 1091 2509 indidit
1112 2436 1181 2507 lin·

105 2565 192 2664 guis
211 2546 382 2633 omnibus
407 2579 545 2659 gratam
569 2566 650 2632 soni
672 2565 976 2639 alternationem:
991 2581 1033 2635 vt
1054 2569 1092 2636 in
1112 2586 1182 2635 vo·

105 2692 208 2763 cibus
228 2691 412 2789 syllabae,
443 2698 535 2764 etin
560 2695 725 2789 oratione
746 2716 858 2765 voces
881 2695 1090 2789 quaedam,
1105 2692 1182 2765 ela·

103 2834 169 2906 te,
196 2820 256 2889 vel
279 2810 439 2890 demisse
463 2796 686 2889 efferrentur.

211 2948 381 3034 Sublatis
401 2952 482 3019 soni
504 2965 610 3021 tonus
631 2948 780 3034 dicitur,
806 2947 868 3018 vel
891 2961 1083 3020 accentus.
1103 2941 1179 3014 Sed

106 3079 261 3176 quidam
285 3080 511 3176 distinguunt
531 3096 741 3162 accentum,
769 3095 805 3148 et
825 3078 904 3147 toni
927 3079 1072 3171 signum
1099 3095 1180 3144 esse

105 3209 250 3279 volunt.
296 3207 379 3304 Ipse
400 3233 510 3310 porro
537 3225 643 3287 tonus
669 3209 805 3303 duplex
829 3221 907 3285 est:
934 3204 1026 3274 alter
1048 3205 1177 3291 vocis,

94 3335 198 3406 alter
221 3351 329 3417 tonus
349 3311 538 3416 orationis.
565 3337 613 3412 Et
630 3344 698 3411 ista
718 3343 756 3410 in
776 3338 908 3435 linguis
930 3336 1080 3437 quidem
1097 3330 1179 3411 aliia

101 3469 156 3537 ita
177 3462 314 3562 passim
337 3486 595 3566 exponuntur,
1150 3455 1153 3461 ⁴

109 3670 112 3677 ,
208 3595 247 3667 In
270 3613 395 3677 nostra
422 3620 513 3668 vero
537 3600 662 3698 lingua
690 3612 820 3672 tonum
847 3600 950 3668 vocis
978 3591 1095 3691 vulgo
1118 3618 1179 3669 ac*

101 3740 254 3799 centum
275 3730 419 3817 dicunt,
440 3733 519 3800 toni
539 3726 708 3824 signum3
737 3750 810 3823 quo
830 3723 993 3824 syllabae
1013 3704 1176 3796 indicam

96 3826 161 3927 tur
181 3852 338 3952 longae,
364 3882 428 3931 seu
448 3857 648 3953 productae
660 3880 672 3939 ;
697 3873 739 3928 vt
760 3854 923 3953 syllabae
942 3874 988 3923 eo
1012 3866 1177 3960 carentes
1207 3916 1209 3921 .

98 3980 233 4056 breues
262 3987 358 4075 rint,
381 3981 450 4057 nisi
479 4009 624 4079 moram
645 3985 826 4080 accipiant
853 3983 1052 4078 positione.
1090 3979 1175 4053 Hos

96 4111 147 4185 ad
181 4104 416 4187 harmoniam
444 4118 625 4212 pertinet,
651 4117 688 4185 in
717 4105 939 4210 syllabarum
967 4109 1174 4205 quantitate

95 4242 287 4341 peritam,
314 4258 355 4317 vt
375 4259 429 4315 est
449 4241 669 4325 Latinorum
689 4241 875 4343 prosodia.
898 4239 1029 4315 Tonut
1043 4253 1175 4319 autem

910 4362 997 4449 ,Ka
