2708 4844
248 298 335 388 au.
358 307 398 367 r.
418 299 626 374 omcruus
648 302 955 427 saouomuyu
975 306 1099 405 esus.
1148 329 1212 402 375

46 458 49 467 ¹
142 477 198 545 xis
219 476 321 548 adest
337 472 563 574 geminatio,
589 464 697 564 d-elr,
721 479 852 563 duell,
871 481 995 579 ajal,
1020 484 1049 553 si
1062 488 1209 580 proprie
1318 502 1321 507 ·

139 597 329 697 reddatur,
355 609 465 677 etiarn
487 608 732 703 geminanda:
756 615 930 680 suus-sui
942 662 953 698 ,
977 609 1042 681 vel
1058 636 1207 696 eorum,

140 758 299 828 earum3
324 743 489 821 sua-sui,
525 738 586 813 vel
612 761 764 825 eorum,
797 734 924 810 eorum
937 761 956 829 5
980 745 1207 824 suum-sui,
1314 728 1318 741 ’

142 850 203 935 iel
229 880 377 956 eorum,
400 892 544 938 earum.

232 1067 274 1150 3)
315 1032 565 1134 iossnssvn
586 1065 813 1147 prunum,
835 1065 1071 1141 Possumus
1174 1034 1178 1045 ’

463 1286 465 1290 v
548 1204 804 1320 srucvmns.
1184 1238 1208 1281 ,

240 1366 405 1440 Nomina
428 1393 596 1465 possessa
622 1372 764 1466 quoties
794 1371 949 1466 pluralia
977 1370 1113 1442 indicat
1136 1374 1204 1444 litt

135 1520 207 1593 gua
230 1515 374 1584 nostra3
403 1522 448 1569 ea
473 1500 662 1595 pluralia
656 1499 742 1568 facit
774 1497 975 1570 formatiuo
1004 1503 1229 1596 peculiari„

135 1630 174 1698 in
195 1624 267 1698 hoc
288 1631 410 1698 solum
430 1651 496 1696 usu
517 1627 629 1698 affixo
655 1625 773 1701 adhuc
792 1631 1006 1722 superstite,
1030 1633 1046 1700 ἰ
1068 1608 1213 1724 rierupe.

134 1739 380 1827 multitudinis
404 1772 517 1842 nota,
541 1757 741 1851 praemissa
759 1753 976 1853 plerumque
998 1781 1035 1846 e,
1059 1785 1105 1847 a,
1136 1782 1204 1828 vo·

50 1859 53 1864 .
136 1883 228 1966 cali,
254 1888 314 1967 ei,
340 1885 410 1953 αἱ.·
436 1885 558 1977 kap-ei
569 1938 580 1969 ,
609 1887 758 1971 hdr-ai,
784 1890 895 1955 etiam
916 1889 1039 1978 lep-i,
1058 1891 1153 1959 hez·
1166 1894 1202 1973 ἰ,

134 2028 263 2076 reuera
284 2007 464 2103 pluralia,
494 2009 717 2079 sed-tantum
739 2026 965 2096 constructa,
993 2015 1201 2111 imagines,

133 2113 289 2207 doinus(
315 2133 384 2206 His
406 2133 507 2206 addit
528 2150 659 2228 postea
681 2135 791 2205 affixa
812 2135 1044 2231 pronomina.
1074 2141 1204 2233 Quae,

71 2278 74 2291 ·
135 2287 216 2331 cum
238 2289 259 2335 a
280 2260 469 2334 vocalibus
491 2256 684 2354 inchoent,
706 2265 883 2356 possessis
905 2264 1201 2354 nominibus,et-

132 2389 207 2488 iam
225 2389 344 2459 vocali
366 2387 588 2474 terminatis,
614 2390 665 2457 ita
688 2390 820 2485 iungit:
847 2402 888 2456 vt
916 2387 1061 2458 illorum
1085 2412 1198 2462 voca·
1278 2478 1285 2493 .

133 2498 185 2587 les
213 2513 344 2588 horum
371 2515 494 2588 vocali
521 2518 633 2621 §sese
655 2516 963 2606 accommodent,
989 2532 1127 2603 etcum
1153 2541 1198 2592 ea
1290 2556 1295 2585 ι

132 2649 353 2718 coalescant.

232 2769 383 2860 Prorsus
401 2772 501 2844 idem
524 2778 601 2871 agit
624 2774 746 2874 lingua
774 2793 899 2851 nostra
919 2773 1032 2849 etiam
1054 2779 1091 2848 in
1112 2801 1196 2872 pro·

129 2901 337 2972 nominibus
359 2906 557 2996 separatis,
582 2907 618 2975 in
649 2907 773 2977 locum
801 2930 1050 3001 possessorum
1077 2910 1197 2977 nomi·

131 3024 220 3127 nunl
246 3032 456 3106 substitutis.
482 3027 538 3106 Vt
571 3057 615 3106 ea
645 3058 761 3130 aeque
792 3035 947 3128 pluralia
975 3038 1063 3122 sint,
1090 3035 1194 3107 sicuti

129 3173 211 3232 sunt
230 3160 309 3254 ipsa
330 3139 458 3235 eorum
479 3158 644 3244 obiecta,
669 3161 776 3228 tacite
797 3157 1073 3244 subintellecta,
1088 3152 1193 3233 ethis

131 3286 232 3358 addit
260 3287 523 3360 formationem
548 3287 725 3382 pluralem
755 3299 1017 3373 constructam,
1048 3294 1128 3356 cam
1147 3283 1211 3357 iis·

131 3435 415 3515 congruentem,
437 3420 499 3489 ei:
525 3416 656 3509 deinde
674 3411 754 3500 his,
780 3418 827 3486 ita
847 3415 958 3486 auctis
968 3459 988 3495 ‚-
1005 3417 1121 3513 iungit
1139 3416 1208 3489 af·‘

129 3547 201 3620 fixa
226 3547 465 3642 pronomina,
498 3546 578 3638 pari
604 3543 686 3637 lege
712 3543 923 3628 vocalium,
947 3566 1026 3615 sese
1050 3547 1210 3647 contin·¹
1280 3575 1305 3589 ·’

119 3677 314 3773 gentium,
330 3689 371 3744 vt
390 3695 467 3753 sese
486 3687 523 3744 et
535 3669 593 3744 lric
605 3672 906 3759 accommodent,
927 3688 965 3742 et
977 3673 1190 3743 coalescant.

229 3813 272 3891 a)
297 3801 473 3875 Possessa
496 3807 647 3874 nomina
671 3805 755 3873 iam
768 3800 946 3898 pluralia,
972 3826 1054 3872 cum
1077 3801 1188 3881 affixo

30 3972 33 3977 ·
126 3934 267 4028 primae
284 3956 466 4028 personae
486 3906 708 4057 pronomine
728 3931 923 4028 singulari,
947 3940 1095 4024 propter
1117 3932 1188 4025 sin-

124 4064 248 4162 gulare
270 4064 515 4161 possidens‚·
504 4080 557 4137 ita
574 4046 657 4154 sunt
676 4064 713 4132 in
734 4064 911 4191 exemplis
930 4063 1077 4133 nostris:
1106 4059 1197 4154 kep-

85 4260 96 4272 .
124 4199 174 4275 ,et-
174 4219 236 4285 m,
248 4195 343 4300 lrdz·
344 4195 399 4266 ai·
385 4219 462 4317 sm,
485 4194 684 4296 imagines·
671 4195 784 4284 -ruei,
813 4174 959 4265 domus·
948 4190 1056 4274 -mei3
1084 4203 1183 4265 ante·

681 4338 699 4427 j
886 4317 960 4391 Aa
987 4337 1012 4416 4
