2708 4844
515 296 746 380 ”mm
954 313 1166 394 ,ar

83 456 319 553 antiquitatis
344 432 527 551 quaedam
553 418 657 551 quasi
680 457 877 551 tabularia,
899 461 1169 534 dldolitercon-
1231 538 1235 546 ,
1278 536 1288 547 ,

83 604 259 674 seruata,
289 588 458 664 inueniri.

191 714 243 788 Er
254 715 346 787 haee
358 737 469 810 porro
485 717 703 810 antiquitas,
712 716 960 814 perquirenda
970 771 981 806 ,
991 734 1168 791 eteruen·

81 845 133 916 da
148 861 206 916 est
224 842 416 946 diligentia
436 867 511 913 non
526 843 704 920 mediocri
722 860 767 916 ex·
781 845 1058 941 superstitibus,
1072 872 1168 943 quae
1194 906 1199 913 ,

81 973 164 1047 dari
186 989 364 1070 possunt,
394 975 524 1044 aetatis
546 975 720 1068 cuiusque
743 960 1006 1058 monumentis.
1043 973 1168 1049 Habet

80 1107 188 1175 enim
211 1102 294 1191 illa,
320 1117 466 1198 praeter
485 1099 796 1190 delectationem,
819 1127 930 1198 quam
953 1108 1007 1174 sui
1029 1105 1169 1177 studio-

81 1234 134 1305 sis
158 1236 292 1304 miram
316 1229 457 1319 adfert,
482 1230 682 1309 vtilltatem
708 1253 857 1328 quoque
882 1234 919 1309 in
943 1230 1015 1306 hoc
1034 1231 1169 1309 laboris

77 1384 221 1462 genere
243 1346 505 1433 incredibilem.
988 1338 991 1343 ⁵

108 1494 118 1525 ⁸
189 1488 345 1571 1me
366 1492 551 1586 primum,
578 1489 678 1586 quod
699 1484 744 1562 de
765 1494 1028 1566 consuetudine
1045 1494 1165 1566 diuet·

79 1608 121 1694 sa
148 1622 362 1723 quaeritur,
391 1643 574 1714 quaenam
598 1623 643 1690 sit
662 1625 806 1719 potior,
831 1639 909 1694 turn
929 1624 974 1693 de
996 1648 1041 1698 ea
1066 1622 1191 1697 mul·'
1274 1610 1276 1617 ἲ

44 1754 61 1825 .’
79 1767 121 1824 to
147 1753 281 1822 rectius
304 1747 447 1837 decerni
468 1752 627 1844 poterit:
657 1775 764 1840 cum,
790 1768 827 1824 et
850 1771 974 1828 motus
997 1758 1073 1825 eius
1099 1777 1164 1830 va·

81 1883 152 1967 rii,
178 1894 217 1951 et
236 1879 461 1966 constantia,
479 1882 519 1949 in
541 1893 642 1954 tanta
663 1893 874 1975 temporum
896 1883 944 1952 ad
966 1858 1169 1955 noslra-vs-

80 2034 158 2108 que
184 2007 340 2079 deducta
362 2007 478 2090 serie,
506 2000 685 2102 tanquam
707 2011 743 2077 in
767 2007 912 2098 tabula,
940 2010 1095 2100 elarius,
1122 2035 1167 2085 ac

82 2136 219 2211 certius
242 2132 412 2221 distincta
436 2147 700 2225 proponentur.

189 2260 236 2336 ll.
262 2261 475 2335 Memorare
496 2260 615 2333 debeo
638 2285 749 2356 porro
774 2277 811 2334 et
839 2262 986 2362 linguae
1016 2261 1163 2342 thesau.
1211 2356 1217 2363 ό
1273 2260 1309 2303 =⁰

80 2418 168 2470 rum
201 2391 274 2466 hoe
301 2405 412 2490 pacto
436 2390 595 2464 multum
622 2395 741 2486 augeri
750 2447 761 2480 ‚
789 2415 831 2466 ac
852 2392 1033 2493 genuinae
1054 2397 1165 2491 patrii

83 2523 272 2599 sermonis
295 2521 495 2618 integritati
519 2519 704 2612 praeclare
729 2522 880 2595 consuli.
936 2591 941 2597 .
1149 2607 1152 2611 ,

191 2649 319 2721 Voces
341 2651 440 2719 enim
463 2670 573 2743 quam
595 2645 798 2744 plurimae,
813 2621 1168 2746 posteroruminru-

83 2785 145 2854 ria
158 2780 373 2876 neglectae,
399 2791 437 2847 et
459 2778 534 2871 iam
557 2777 747 2866 exoletae,
764 2780 858 2849 aliae
880 2780 1059 2852 breuitate
1081 2807 1169 2853 con·
1219 2790 1223 2799 '

86 2915 302 2999 cinniores,
334 2909 431 2980 aliae
467 2909 704 2981 deriuationis
731 2905 813 3006 lege
844 2913 1008 2988 sincerae
1019 2937 1029 2991 ;
1067 2913 1169 3003 ipsae

81 3058 284 3142 praeterea
309 3034 522 3133 frequentes
547 3037 780 3112 construendi
806 3042 966 3109 rationes
1000 3061 1073 3107 nou
1105 3059 1170 3131 pe·

87 3176 287 3270 regrinae,
313 3168 377 3242 sed
410 3191 496 3242 vere
524 3166 772 3247 domesticae3
799 3186 874 3232 non
906 3181 1063 3261 possunt
1096 3162 1167 3239 hoc

82 3303 212 3376 studio
243 3325 318 3373 non
352 3322 465 3398 quam
498 3297 712 3371 auidissima
742 3295 873 3387 arripi,
899 3318 939 3365 ac
965 3298 1100 3369 sensim
1126 3299 1171 3369 ad

83 3450 198 3500 vsum
219 3428 398 3502 reuocari.
425 3422 589 3495 Maiores
614 3434 709 3489 certe
729 3422 863 3507 nostri,
887 3421 1035 3520 liuguae
1060 3443 1173 3520 vtpo·
1238 3518 1244 3522 .
1301 3488 1303 3495 .

90 3572 130 3628 te
154 3578 243 3629 suae
266 3554 468 3652 originibus
491 3553 612 3625 multo
632 3554 847 3648 propiores,
863 3577 983 3650 neque
1007 3572 1084 3641 tam
1105 3580 1170 3628 va-

85 3690 167 3773 rio,
197 3709 239 3755 ac
263 3685 431 3769 diuers0,
458 3697 501 3755 vt
518 3664 594 3752 ¹nos
626 3685 699 3750 iam
720 3705 741 3753 a
762 3684 885 3776 pueris
905 3683 1079 3771 facimus,
1105 3708 1170 3754 ore

85 3809 229 3897 locuti,
255 3804 382 3881 omnia
403 3812 492 3896 ista,
517 3810 728 3903 primaeuae
748 3807 895 3902 linguae
917 3807 1028 3904 genio
1057 3808 1175 3902 magis

86 3935 399 4021 accommodata,
424 3936 605 4030 et·magis
633 3950 733 4007 casta
757 3930 972 4006 habuerunt.

197 4064 257 4136 lll.
278 4064 391 4135 Addo
419 4067 495 4140 iam
523 4064 605 4150 illa,
630 4076 725 4157 quae
756 4059 899 4158 homini¹
932 4052 1176 4152 etymologo,

86 4201 138 4273 de
167 4197 276 4268 rectis
304 4192 547 4289 inflexionum
573 4190 717 4288 legibus
741 4170 928 4274 sollicito,
948 4184 993 4257 ab
1019 4187 1191 4282 antiqui„

917 4315 947 4388 C
975 4342 1000 4412 s
