2708 4844
577 220 808 311 eoduma
952 214 957 314 ζ
1097 222 1108 239 ”
1187 273 1256 337 <592

250 409 487 551 Equidem
459 435 509 485 arc
531 415 600 484 ista
622 438 765 487 sumere
784 419 859 492 iam
881 416 1018 531 dudum
1039 425 1227 500 consueui.

134 536 190 613 Et
214 563 331 624 vero,
361 537 482 634 siquid
504 536 619 619 homo
639 538 830 632 candidus
855 547 933 613 siue
958 520 1154 636 iactantia,
1182 548 1229 619 de

132 669 317 742 laborum
343 693 493 774 suorum
522 694 692 745 successu
718 695 927 750 memorare
950 692 1092 770 potest:
1122 678 1226 775 quid·

134 803 234 897 quid
257 823 330 897 ego
339 853 350 887 ,
375 799 436 870 vel
454 803 490 869 in
511 797 578 870 hac
600 804 678 897 ipsa
695 794 949 891 Grammatica
971 829 1072 894 mea,
1096 806 1141 876 de
1158 831 1225 878 vo·

132 953 228 1001 eum
251 926 476 1019 inflexione,
503 926 653 1016 clarius,
675 954 718 1003 ac
741 933 870 1003 melius
896 935 1037 1004 tradere
1062 960 1225 1007 nomva·

130 1083 183 1132 ue
206 1057 304 1131 mihi
320 1058 470 1145 videon
499 1059 536 1131 id
558 1059 709 1156 quidem
728 1088 751 1136 a
772 1062 1004 1161 diligentiore
1026 1069 1224 1162 antiquita-

128 1196 179 1263 tis
205 1207 358 1263 nostrae
378 1190 500 1263 studio
522 1209 643 1265 ortum
663 1193 830 1282 duxisse,
857 1198 1069 1291 sensimque
1089 1182 1222 1293 pos-‘tea
1278 1170 1283 1179 ἱ

131 1342 170 1398 et
191 1324 281 1395 aliis
302 1322 536 1398 adminiculis
557 1317 746 1396 firmatum
769 1349 868 1414 ease,
889 1320 1016 1424 aperte
1033 1310 1227 1428 profiteor.¹

631 1489 662 1566 ς,
680 1479 735 1550 ¹11·
947 1538 951 1549 ι
1192 1530 1196 1535 .

128 1603 399 1671 STVDIVM
443 1603 767 1670 LINGVARVM
802 1604 1224 1688 ORIENTALIVM,

330 1708 1027 1794 ursuprrrurarouncrrm

237 1824 457 1903 ,uosrrtna
479 1823 768 1890 urucnrucaa
791 1825 1116 1898 cocunrnuuu.

102 1966 106 1970 ¹
230 1970 273 2034 Α.
455 1968 643 2032 ASSERTI'
658 1966 899 2032 PROBATIO.
951 1990 954 1995 ·

238 2105 397 2202 Iamque
429 2104 521 2181 haec
555 2109 656 2206 ipsa,
686 2129 781 2204 quae
807 2122 999 2203 praeterea
1034 2107 1106 2183 alia
1142 2108 1218 2180 dixi

125 2233 379 2327 adminicula,
408 2237 641 2333 explananda
662 2234 754 2309 mihi
779 2254 884 2320 sunt:
902 2240 1094 2335 quomodo
1116 2256 1154 2313 et
1171 2242 1216 2311 il·

124 2370 163 2443 la
189 2370 402 2439 necessario
424 2372 665 2463 requirantur

236 2495 408 2594 Linguae
437 2513 635 2594 cognatae,
667 2500 705 2567 in
733 2498 920 2571 soluendis
955 2498 1073 2591 dubiis
1086 2501 1214 2621 ,legi-

124 2629 278 2726 busque
301 2631 430 2698 certius
454 2614 784 2724 figendis,magno
807 2629 1023 2702 discentium
1045 2653 1213 2703 commo-

126 2759 205 2848 do,
237 2781 351 2854 saepe
372 2772 540 2827 mutuam
563 2757 801 2854 suppeditant
824 2783 951 2855 opem.
987 2754 1214 2831 Grammati-

126 2917 257 2965 corum
287 2887 438 2985 qussdem
470 2885 568 2958 hunc
597 2911 676 2960 esse
693 2913 815 2967 *vrum
837 2890 1071 2987 frequentem
1094 2889 1213 2959 nullus

127 3024 290 3121 dubitat.
320 2999 506 3119 lnlingua
529 3035 675 3107 nostra,
690 3026 906 3115 praesertim
928 3024 955 3090 si
971 3022 1049 3088 eius
1065 3018 1215 3114 regulae

125 3166 364 3250 spectentur,
390 3147 681 3245 quamplurima
705 3152 859 3219 obscura
879 3145 1019 3234 adhuc,
1043 3162 1079 3216 et
1100 3144 1214 3219 incer·
1237 3162 1239 3169 ’

124 3298 164 3354 ta
184 3305 290 3369 esse,
307 3252 396 3377 salis
418 3295 493 3350 non
515 3277 693 3349 admonet
714 3272 1048 3367 Grammaticorum
1070 3292 1215 3348 nostro-

125 3436 213 3483 rum
239 3380 405 3507 nondum
442 3412 649 3503 composita
680 3403 1215 3502 dissensio,'Scriptorumque
1245 3470 1248 3476 .

124 3554 233 3617 tanta
261 3516 357 3608 inter
385 3560 423 3607 se
452 3534 709 3630 discrepantia.
741 3530 831 3606 Sola
852 3532 928 3619 sibl
940 3549 1151 3630 opportuna
1164 3537 1209 3624 in

123 3665 182 3740 his
210 3669 351 3771 auxilia
374 3667 530 3739 minime
553 3660 704 3750 sufficit,
728 3685 803 3734 non
822 3663 938 3734 modo
954 3661 1117 3755 undique
1136 3637 1211 3730 elli

124 3813 212 3884 cta,
239 3794 305 3866 sed
330 3798 445 3867 etiam
470 3790 682 3865 intermixta
677 3792 838 3897 linguis
861 3782 1011 3898 prorsus
1036 3785 1211 3874 diuersis,

125 3925 308 4026 singulari
331 3928 406 3997 eius
427 3927 539 4022 genio
562 3920 673 4019 plane
695 3925 889 4022 oppositis.
935 3912 1062 4014 Itaque
1088 3917 1212 3989 elon

123 4062 273 4153 ginquo
298 4054 526 4127 inuocandae
548 4069 632 4124 sunt
654 4052 819 4149 linguae,
843 4048 1065 4143 cognatione
1089 4060 1208 4134 certe,

125 4189 198 4258 etsi
224 4188 447 4275 remotiore,
468 4189 561 4258 mira
580 4201 705 4257 tamen
718 4235 730 4272 ,
743 4175 790 4255 ¹et
811 4177 1014 4252 admodum
1031 4171 1112 4261 utili
1125 4200 1212 4248 con·
1282 4185 1295 4204 ⁶

944 4293 1036 4395 'cr
